3522 5436
723 585 943 645 „57-

249 760 481 844 Biirgersohalt
505 760 577 824 dem
602 760 810 842 allgemeinen
828 758 964 823 Denlren
989 758 1069 822 iiber
1089 759 1151 822 deu
1167 758 1239 823 Tod
1257 758 1317 822 deu
1335 759 1421 822 Aus-

249 866 349 931 dmelr
374 867 459 948 leiht,
485 866 545 930 den
572 869 626 930 wir
648 869 681 930 in
706 866 766 930 den
793 865 1003 948 angeliibrten
1020 866 1158 930 Worteu
1181 865 1310 930 landen.
1349 865 1422 927 Wir

250 974 347 1038 seben
364 975 453 1037 dario
472 977 521 1038 ein
539 973 715 1055 mitobtiges
733 971 909 1036 Eustarkeu
927 972 983 1036 des
1001 970 1164 1038 Glaubens
1182 994 1221 1036 an
1240 975 1289 1036 ein
1308 973 1421 1054 seliges

250 1080 488 1145 naohirdisohes
506 1079 645 1144 Loben.“
678 1077 783 1164 Supra
800 1081 932 1162 exposui
949 1078 1172 1143 similitudines
1189 1100 1260 1142 oum
1278 1078 1422 1142 Platonis

249 1187 412 1270 Apologia
436 1186 522 1250 haud
545 1189 653 1269 magni
676 1186 827 1270 ponderis
852 1207 930 1266 esse,
954 1196 1121 1268 praeterea
1141 1186 1208 1249 lere
1225 1206 1334 1249 omnes
1352 1207 1422 1248 sen·

250 1297 365 1360 tentiae
388 1293 428 1357 de
446 1303 530 1357 statu
548 1293 772 1358 defunctorum
792 1293 914 1357 ediotas
935 1292 1021 1375 apud
1037 1294 1117 1356 alios
1134 1313 1262 1375 quoque
1279 1301 1422 1356 oratores

249 1403 392 1466 inveniri.
440 1398 531 1484 Quae
556 1399 686 1464 devita
714 1399 808 1464 beata
833 1402 974 1462 omnium
998 1407 1196 1463 mortuorum
1219 1397 1424 1481 proferuntur

250 1507 332 1571 adeo
360 1509 483 1571 ineerta
512 1505 672 1589 dubiaque
703 1516 784 1586 sunt,
812 1516 848 1569 ut
873 1507 974 1569 exiis
999 1504 1211 1570 demonstrari
1236 1525 1298 1569 non
1322 1507 1425 1587 possit

250 1617 490 1697 persuasionem
514 1613 607 1677 huius
632 1615 717 1677 vitae
740 1615 772 1676 in
797 1611 972 1696 Hyperidis
996 1611 1102 1676 verbis
1129 1614 1297 1677 oortiorem
1320 1613 1424 1695 inesse

251 1742 346 1803 quarn
370 1723 402 1784 in
430 1718 627 1784 orationibus
654 1720 790 1784 aliorum
816 1731 992 1784 auotorum.
1037 1719 1176 1783 'lantum
1205 1718 1269 1782 diei
1298 1727 1426 1801 oportet

251 1849 290 1891 ex
313 1827 375 1890 hoo
399 1825 561 1910 epitaphio
589 1831 743 1890 maiorem
774 1827 910 1890 oratoris
938 1827 1102 1909 proprium
1127 1826 1246 1889 loetum
1270 1845 1425 1908 apparere

252 1954 348 2016 quam
373 1955 390 1997 e
415 1934 529 1997 ueteris
553 1932 646 1996 huius
671 1931 759 1997 modi
783 1931 990 1997 orationibus.

342 2041 386 2106 Ut
408 2039 547 2105 breviter
571 2041 679 2103 omnia
703 2040 912 2122 eompleotar:
938 2041 1166 2103 sententiarum
1184 2037 1223 2102 de
1241 2047 1344 2102 morte
1361 2037 1424 2101 duo

251 2167 367 2229 genera
396 2157 483 2210 sunt:
517 2148 620 2229 primo
649 2145 811 2229 profertur
838 2148 922 2210 viros
952 2147 1037 2209 olare
1064 2167 1123 2228 pro
1150 2148 1255 2228 patria
1282 2155 1425 2209 mortuos

250 2265 383 2336 propter
405 2254 538 2336 gloriam
563 2274 654 2317 suam
680 2256 706 2317 l.
731 2274 789 2336 per
816 2253 936 2316 famam
962 2253 1072 2316 felioes
1102 2251 1318 2317 aestimandos
1347 2273 1427 2332 esso,

253 2365 280 2425 ἓ.
305 2360 346 2423 ad
371 2370 533 2424 aeternam
557 2362 655 2423 vitam
679 2361 963 2441 transmigravisse,
991 2365 1018 2424 3.
1042 2367 1171 2423 renatos
1196 2379 1275 2441 esse,
1300 2363 1329 2422 4.
1354 2379 1425 2422 oum

251 2469 326 2530 viris
355 2465 511 2532 similibus
536 2476 662 2549 tempus
686 2475 815 2530 aeturus
840 2487 917 2530 esse.
966 2462 1091 2548 Quibus
1115 2467 1280 2530 sententiis
1306 2464 1344 2530 de
1367 2467 1426 2528 im·

167 2574 172 2582 '
251 2575 447 2638 mortalitate
471 2575 568 2636 animi
592 2582 699 2637 tamen
725 2573 802 2636 nihil
827 2572 972 2636 edioitur.

341 2677 456 2744 Altero
481 2681 710 2745 sententiarum
728 2700 844 2762 genere
865 2681 971 2762 agitur
992 2679 1032 2742 de
1047 2689 1150 2744 morte
1167 2682 1307 2743 omnium
1325 2679 1427 2742 homi·

252 2808 328 2850 num
351 2795 449 2869 atque
475 2788 645 2870 exponitur
670 2790 698 2851 l.
724 2786 892 2851 defunctos
917 2785 1050 2868 morbis,
1073 2787 1174 2869 luotu,
1197 2788 1282 2850 vitae
1305 2787 1427 2850 rioissi·

252 2892 416 2957 tudinibus
440 2915 564 2976 vacare,
591 2899 618 2959 2.
639 2903 695 2956 aut
715 2896 781 2957 sine
802 2914 895 2956 seusu
917 2895 1046 2956 omnino
1062 2895 1191 2976 perisse,
1216 2897 1244 2956 3.
1261 2900 1317 2956 aut
1333 2913 1428 2956 sensu

252 2999 416 3083 praeditos
441 3020 536 3063 eurae
558 3001 695 3063 numinis
718 2998 817 3064 divini
832 3009 965 3082 propter
980 3001 1133 3082 pietatem
1149 3021 1226 3082 erga
1242 2999 1319 3064 deos
1336 3019 1427 3081 prae·

252 3106 352 3170 bitam
376 3107 549 3190 participes
574 3127 651 3171 esse.

342 3211 437 3277 Nova
465 3223 551 3276 sunt:
584 3217 610 3277 1.
634 3212 849 3296 Proserpinae
879 3213 968 3277 aedis
997 3216 1116 3295 imago,
1151 3218 1178 3278 2.
1203 3213 1361 3277 sententia
1389 3212 1428 3276 de

253 3321 494 3401 regeneratione
507 3323 646 3383 virorum
660 3322 777 3384 virtute
790 3320 1021 3399 excellentium,
1036 3323 1063 3384 3.
1075 3320 1211 3402 amplior
1220 3317 1428 3383 beatitudinis

252 3425 462 3509 praedicatio.
493 3424 664 3509 Proprium
680 3425 856 3510 Hyperidis
873 3428 1035 3508 ingenium
1052 3447 1091 3488 ex
1108 3446 1145 3489 eo
1163 3426 1258 3490 modo
1276 3424 1428 3506 ridemus,

255 3537 282 3596 1.
307 3554 370 3615 quo
394 3534 643 3597 immortalitatis
668 3533 773 3599 lamae
802 3532 1031 3616 felicitatisque
1056 3553 1168 3596 oausas
1193 3555 1209 3596 e
1233 3535 1350 3596 virtute
1374 3531 1428 3594 de-

253 3638 436 3702 funetorum
466 3639 595 3722 colligit,
624 3645 652 3706 2.
677 3661 740 3723 quo
766 3649 929 3722 reoeptum
957 3641 990 3703 in
1016 3638 1101 3705 Oreo
1131 3638 1283 3722 depingit
1313 3643 1340 3702 3.
1366 3659 1429 3721 quo

254 3747 350 3809 etiam
377 3747 411 3809 in
439 3746 500 3810 hao
528 3754 619 3830 parte
646 3745 866 3811 eommunibus
896 3747 1063 3810 sententiis
1092 3744 1133 3808 ad
1159 3749 1243 3810 viros
1269 3745 1429 3809 ornandos

253 3853 377 3918 utitur¹
