3522 5436
705 577 924 640 ,21-

219 755 405 817 universam
426 749 597 817 Graeciam
618 751 832 835 liberaverint,
857 762 1041 835 recepturos
1066 760 1098 817 et
1122 752 1227 817 choris
1251 755 1316 816 suis
1341 755 1399 816 im-

221 861 386 941 posituros
412 880 490 923 esse.
609 909 612 916 .

313 964 441 1030 Novum
465 969 497 1030 in
527 966 589 1031 hoc
618 966 781 1050 epitaphio
811 975 868 1047 est,
897 965 985 1049 quod
1014 968 1143 1030 omnino
1170 965 1209 1030 de
1239 987 1301 1030 nno
1331 968 1399 1030 cive

220 1075 397 1154 separatim
421 1071 457 1136 fit
480 1075 610 1155 mentio,
628 1072 713 1156 quod
731 1094 794 1138 non
812 1073 914 1137 solum
933 1094 1047 1138 nomen
1068 1075 1134 1137 eius
1150 1074 1321 1156 profertur,
1342 1072 1399 1136 sed

220 1181 356 1243 summis
389 1178 538 1243 laudibus
567 1189 707 1260 ornatur,
740 1181 787 1244 ita
814 1190 850 1243 ut
878 1181 908 1243 ei
936 1181 968 1243 in
996 1182 1169 1262 partitione
1196 1180 1337 1263 itemque
1366 1181 1398 1243 in

223 1284 410 1350 laudatione
444 1288 574 1369 propria
602 1307 676 1370 pars
712 1285 880 1353 tribuatur.
926 1286 1029 1350 Facta
1061 1286 1151 1351 ducis
1185 1297 1398 1368 exponuntur:

218 1395 361 1476 propriis
388 1395 470 1458 notis
495 1414 541 1474 ea,
577 1414 659 1475 quae
688 1391 902 1458 Leosthenem
933 1392 973 1457 ad
1006 1392 1125 1458 bellum
1161 1392 1398 1476 suscipiendum

219 1501 437 1582 incitaverint,
449 1498 564 1564 deindo
583 1509 684 1564 status
696 1497 863 1580 Graeciae,
874 1499 1005 1581 proelia,
1015 1500 1159 1582 pericula
1169 1499 1398 1582 depinguntur;

219 1608 423 1689 principatus
449 1608 516 1671 eius
542 1605 683 1690 Philippi
707 1604 804 1689 atque
827 1605 1008 1670 Alexandri
1032 1605 1193 1689 tyrannidi
1219 1607 1398 1690 opponitur,

220 1716 364 1778 maxima
384 1713 474 1776 ducis
499 1715 595 1777 etiam
614 1711 764 1778 derebus
783 1723 855 1794 post
871 1714 939 1777 eius
956 1723 1091 1776 mortem
1109 1712 1265 1776 coniectis
1285 1714 1399 1776 merita

220 1830 436 1903 exponuntur.
481 1819 632 1903 Denique
666 1840 748 1884 nova
781 1829 830 1884 est
862 1829 927 1883 tam
962 1820 1068 1902 ampla
1102 1822 1300 1902 comparatio
1327 1840 1397 1882 oum

222 1925 375 1990 heroibus
391 1928 535 2008 priorum
550 1935 741 2009 temporum.
760 1963 800 1972 -
825 1926 864 1990 In
882 1927 1026 2009 plurimis
1045 1924 1189 2010 partibus
1207 1924 1402 1990 Leosthenis

225 2053 362 2115 persona
386 2034 556 2116 plurimum
582 2034 675 2114 valet,
700 2035 824 2097 etiamsi
849 2054 1007 2098 unacum
1032 2032 1113 2097 duce
1138 2034 1254 2097 milites
1271 2054 1399 2116 quoqne

220 2138 436 2220 celebrantur,
460 2160 534 2204 narn
558 2159 668 2204 eornm
685 2139 838 2221 laudati0,
855 2149 890 2203 ut
904 2141 951 2203 ita
967 2138 1081 2220 dicam,
1102 2139 1190 2203 laudi
1206 2137 1398 2203 Leosthenis

223 2249 437 2330 postponitur.
464 2247 524 2336 cf.
548 2245 566 2331 §
589 2251 622 2310 1:
654 2244 738 2332 [περί
758 2243 802 2334 τε]
826 2247 1039 2317 Λεωσθένους
1061 2254 1117 2310 τοῦ
1144 2255 1319 2331 στρατηγοῦ
1346 2249 1401 2310 καὶ

219 2355 294 2436 περὶ
321 2360 385 2418 τῶν
413 2355 520 2418 ἄλλων
547 2359 611 2417 τῶν
638 2352 704 2435 μετ’
734 2355 853 2418 ἐκείνου
886 2354 1155 2437 τετελευτηκότων.
1211 2355 1285 2435 §62
1314 2349 1398 2440 πε[ρέ

221 2463 259 2524 δὲ
283 2457 511 2546 Λεωσθέν]οσς
538 2460 591 2524 καὶ
619 2466 683 2524 τῶν
706 2457 833 2546 dalea
885 2459 978 2546 §lta
1025 2459 1122 2544 §242
1147 2459 1321 2543 Λεωσθένη
1345 2461 1398 2524 καὶ

220 2568 297 2639 τοὺς
318 2574 364 2650 τῷ
388 2568 521 2648 τοιούτῳ
544 2573 709 2650 στρατηγῷ
732 2567 913 2650 προθύμως
937 2566 1168 2648 συναγωνιστὰς
1187 2575 1270 2649 σφᾶς
1285 2567 1399 2637 αὐτοὺς

218 2674 451 2758 παρασχόντας.
483 2673 502 2759 ξ
520 2677 576 2738 35:
592 2675 668 2745 τίνες
684 2675 715 2737 οῖ
728 2674 782 2737 τὸν
800 2675 941 2756 ἡγεμόνα
958 2673 1182 2755 δεξιωσόμενοι
1200 2673 1253 2737 τὸν
1270 2673 1398 2737 τούτων.

220 2781 317 2868 §sz
352 2783 370 2844 ὁ
399 2781 433 2844 δὲ
460 2781 538 2863 μετὰ
565 2789 619 2864 τῆς
647 2783 760 2845 ἑαυτοῦ
787 2781 937 2863 ποτρίὸος
964 2781 1073 2864 μόνης.
1119 2782 1216 2862 §362
1241 2782 1259 2843 ὁ
1284 2781 1318 2844 δὲ

219 2889 301 2971 μετὰ
328 2893 392 2952 τῶν
420 2889 691 2970 συνθαπτομένων
719 2895 775 2951 νῦν
804 2888 891 2969 αὐτῷ
915 2888 1050 2968 ἀνδρῶν.
1097 2885 1116 2971 ξ
1142 2891 1198 2950 39;
1222 2886 1397 2970 Λεωσθένη

219 2997 277 3060 καὶ
300 2995 373 3065 τοὺς
396 2995 506 3077 ἐκείνῳ
530 2996 853 3076 συναγωνισαμένους.

315 3099 413 3164 Nulla
436 3100 500 3164 alia
524 3101 669 3164 oratione
693 3097 820 3164 funebri
841 3099 957 3182 singuli
973 3101 1032 3164 viri
1053 3099 1262 3180 celebrantur,
1278 3119 1342 3182 qua
1358 3097 1398 3163 de

222 3229 257 3271 re
282 3209 406 3272 eximiis
431 3209 536 3270 causis
561 3215 755 3270 commotum
773 3205 971 3289 Hyperidem
997 3207 1057 3270 bac
1081 3208 1286 3270 innovatione
1307 3227 1398 3270 usum

220 3334 293 3378 esse
307 3316 451 3396 cogimur
463 3315 655 3378 existimare.
687 3310 861 3395 Quaeritur
873 3315 990 3396 itaque,
1004 3316 1122 3377 satisne
1139 3311 1271 3377 idoneas
1285 3333 1398 3377 causas

220 3431 333 3485 orator
362 3421 512 3484 attulerit.
559 3418 659 3483 Plane
689 3418 836 3484 sufficere
864 3420 942 3482 mihi
971 3418 1133 3498 videntnr3
1159 3429 1233 3483 sunt
1256 3421 1340 3483 enim
1365 3421 1397 3483 in

223 3526 415 3592 Leosthenis
446 3526 485 3590 de
518 3525 603 3591 bello
632 3525 747 3590 Lamio
775 3529 967 3608 promeritis,
995 3548 1077 3608 quac
1107 3527 1298 3590 narrationis
1326 3526 1398 3590 loco

220 3647 459 3716 enumerantur,
487 3635 615 3716 iamque
644 3635 783 3716 antiquis
813 3632 1021 3716 scriptoribus
1049 3631 1212 3716 patebant,
1237 3633 1276 3698 cf.
1301 3632 1397 3698 Diod.

219 3739 432 3804 XVlll.13:
461 3744 613 3823 ταφέντος
639 3741 695 3823 (so.
718 3741 944 3824 Λεωσθένους)
972 3741 1123 3822 ἡρωϊκῶς
1146 3739 1197 3804 διὰ
1218 3739 1274 3824 τὴν
1297 3741 1331 3804 έν
1352 3746 1398 3823 τῷ

219 3849 356 3930 πολέμῳ
380 3847 487 3921 δόξαν.
512 3884 553 3894 -
578 3843 661 3912 Sunt
677 3848 732 3928 qui
749 3845 937 3926 affirment¹,
961 3846 1044 3910 bano
1061 3848 1191 3910 nimiam
1210 3847 1302 3910 unius
1320 3848 1397 3910 civis

222 3952 443 4017 laudationem
456 3955 675 4017 testimonium
689 3974 758 4018 esse
775 3951 911 4016 labentis
927 3954 992 4016 iam
1003 3954 1129 4035 imperii
1140 3954 1313 4036 popularis,
1324 3973 1397 4016 nam

221 4058 384 4143 prioribus
401 4057 598 4142 temporibus
615 4061 710 4124 talem
728 4061 936 4142 praecipuam
950 4060 1045 4123 nnius
1054 4061 1113 4123 viri
1129 4057 1257 4123 laudam
1272 4057 1396 4122 inaudi-

220 4176 289 4230 tam
314 4187 418 4248 nequa
445 4187 584 4248 unquam
611 4186 795 4231 concessam
825 4165 934 4230 fuisse.
981 4165 1037 4230 Ad
1061 4165 1147 4248 quod
1173 4165 1397 4249 explicandum

221 4270 357 4338 Girard:
382 4248 506 4336 iltudes
532 4293 585 4336 sur
608 4273 808 4355 l’eloquence
833 4275 964 4356 attique,
988 4293 1018 4354 p.
1036 4272 1158 4354 atalia
1182 4272 1270 4336 hisce
1291 4270 1396 4336 verbis

315 4433 323 4465 ¹
341 4431 421 4484 dulas
432 4429 542 4484 Girard:
553 4411 657 4484 illudes
667 4448 713 4484 sur
722 4431 893 4499 l'tloqnenca
903 4432 1018 4499 attique,
1028 4430 1104 4484 Paris
1116 4431 1192 4495 1874,
1203 4429 1397 4498 ppalt-aaa.

218 4549 259 4560 -
276 4519 356 4574 Blass
376 4520 393 4572 l.
407 4537 430 4572 c.
444 4516 506 4592 111}
521 4536 548 4587 p.
558 4519 601 4572 93.
