3522 5436
825 563 1042 624 ..48-

349 736 443 800 laude
466 735 619 800 iudicium
643 759 715 801 oum
739 747 891 816 veterum,
919 738 974 820 qni
998 739 1119 801 maiore
1142 738 1324 801 orationum
1348 738 1450 799 nitore
1474 738 1522 800 nti

349 842 508 924 solebant,
535 846 637 925 magis
665 843 953 907 declamationibus
978 841 1169 907 inflammari
1193 853 1354 926 poterant.
1383 844 1521 906 maxime

350 953 410 1014 arti
435 953 594 1014 oratoriae
617 949 798 1032 studebant,
822 971 998 1032 congruere
1021 971 1084 1013 non
1109 959 1223 1032 potest

521 1341 575 1424 V.
603 1340 672 1424 Dc
699 1343 992 1446 superstitum
1021 1342 1346 1424 consolatione.

438 1499 700 1566 Consolationem
718 1503 752 1565 in
771 1501 917 1566 omnibus
935 1501 1132 1566 orationibus
1152 1500 1339 1565 funebribus
1356 1499 1520 1580 habemus,

349 1609 389 1672 ci.
406 1607 505 1671 Thuc.
521 1606 559 1671 lI
578 1611 629 1690 44,
653 1607 735 1672 Plat.
755 1609 879 1673 Menex.
901 1613 1128 1688 auo-2490,
1152 1605 1295 1690 Ps-Lys.
1312 1607 1350 1670 11
1371 1608 1520 1672 71—811.

349 1712 551 1798 Quamquam
576 1725 726 1798 separata
750 1717 903 1780 orationis
928 1737 1010 1798 pars,
1037 1736 1132 1797 quam
1156 1717 1284 1779 nomine
1303 1715 1397 1796 λόγος
1415 1737 1520 1796 παρα-

347 1824 524 1906 μυθητικός
544 1821 717 1886 inscribere
738 1843 916 1905 possumus,
941 1822 1041 1886 solum
1060 1826 1091 1884 in
1108 1823 1178 1905 ipso
1194 1820 1267 1902 fine,
1290 1823 1322 1884 in
1338 1820 1519 1902 fragmento

349 1927 526 1995 aStobaeo
551 1939 686 2010 servato,
710 1928 920 2005 concluditur,
944 1943 1050 1992 tamen
1069 1931 1134 1992 iam
1150 1931 1183 1991 in
1198 1927 1358 2011 prioribus
1374 1925 1520 2010 partibus

347 2035 530 2119 Hyperides
544 2034 726 2099 auditorum
740 2038 862 2099 animos
875 2034 916 2098 ad
930 2036 1183 2100 consolationem
1196 2037 1367 2117 componit,
1380 2035 1519 2098 maxime

348 2145 380 2206 in
404 2140 612 2205 beatitudinis
636 2140 890 2223 praedicatione,
918 2163 990 2205 cum
1019 2142 1155 2224 amplius
1184 2163 1310 2223 causas,
1338 2139 1518 2223 dequibus

349 2251 446 2313 occisi
470 2248 580 2313 felices
605 2247 744 2311 habendi
773 2250 849 2328 sint,
877 2250 1021 2331 exponit:
1057 2248 1238 2330 commoda,
1267 2247 1381 2331 quibus
1409 2268 1518 2330 super-

348 2357 438 2420 stites
463 2355 660 2433 donaverint,
684 2354 795 2418 laudes
817 2365 849 2418 et
869 2365 1033 2419 aeternam
1049 2356 1244 2434 memoriam,
1268 2375 1364 2437 quam
1380 2355 1519 2417 assecuti

349 2464 420 2539 sint,
443 2461 591 2542 honores,
621 2482 701 2544 quos
725 2464 757 2525 in
783 2460 869 2527 Orco
895 2464 1058 2545 accepturi
1082 2463 1153 2527 sint.
1199 2457 1324 2543 Quibus
1353 2461 1518 2524 sententiis

349 2589 411 2632 non
429 2569 527 2633 semel
542 2570 729 2651 perstrictis,
752 2571 816 2631 iam
836 2568 877 2631 ad
894 2570 996 2651 ipsam
1014 2569 1266 2632 consolationem
1282 2566 1517 2648 transgrediens

349 2675 436 2761 §4l,
460 2677 506 2739 sic
529 2677 655 2758 incipit:
680 2675 818 2758 χαλεπὸν
840 2677 899 2757 μὲν
922 2679 998 2746 ἴσως
1021 2677 1081 2741 ἐστὶ
1103 2676 1176 2747 τοὺς
1199 2677 1233 2740 ἐν
1255 2676 1404 2746 τοιούτοις
1426 2675 1519 2744 ὄντας

347 2784 463 2847 πάθεσι
478 2784 741 2864 παραμυθεῖσθαι
758 2833 763 2845 .
781 2831 787 2845 .
805 2834 811 2845 .
831 2784 923 2864 ὅμως
947 2783 981 2847 δὲ
1003 2783 1064 2865 χρὴ
1085 2785 1289 2865 θαρρεῖν...
1309 2782 1348 2846 cf.
1366 2780 1465 2844 Thuc.
1481 2778 1519 2843 II

348 2894 400 2970 44,
417 2892 487 2975 243:
510 2889 648 2973 χαλεπὸν
663 2891 722 2971 μὲν
738 2889 796 2954 οὖν
812 2891 884 2954 οῖδα
898 2891 1017 2954 πείθειν
1033 2891 1080 2962 ὄν,
1097 2896 1316 2971 ...καρτερεῖν
1333 2890 1367 2953 ds
1382 2887 1520 2971 χρὴ...ἱ

349 2995 530 3080 Hyperides
544 3017 578 3059 se
591 3017 704 3061 causas
716 2999 870 3060 maeroris
888 3017 949 3059 non
966 2998 1114 3078 ignorare
1130 2994 1217 3076 dicit,
1235 2994 1291 3059 sed
1309 3016 1362 3059 eas
1377 2994 1519 3058 refutare

349 3100 409 3166 sibi
422 3101 599 3185 proponit⁸.
634 3102 745 3166 Monet
758 3105 954 3186 superstites,
971 3113 1005 3166 ut
1017 3104 1145 3184 luctum,
1163 3111 1315 3184 quantum
1327 3100 1396 3165 fieri
1408 3102 1519 3182 possit,

348 3211 530 3291 repriment,
555 3208 680 3289 deinde,
704 3231 743 3273 ne
768 3211 864 3274 solius
889 3212 1000 3273 mortis
1025 3230 1154 3273 suornm
1178 3229 1335 3273 memores
1362 3207 1519 3272 bonorum

349 3314 585 3392 obliviscantur,
609 3336 744 3399 quorum
762 3316 906 3379 defuncti
923 3317 1094 3399 participes
1119 3317 1190 3380 sint.
1223 3312 1365 3398 Quorum
1382 3317 1518 3397 primum

350 3432 398 3486 est
426 3424 524 3486 virtus
553 3421 698 3505 praebita
723 3423 789 3507 (τῆς
812 3426 923 3506 ἀρετῆς
946 3421 984 3506 ἧς
1006 3423 1286 3505 καταλελοίπασιν).
1332 3418 1405 3484 Non
1430 3421 1517 3483 luctu

349 3529 454 3610 digna,
470 3531 582 3611 pergit,
597 3531 684 3611 pessi
701 3538 784 3610 sunt,
801 3528 857 3593 sed
874 3530 1019 3592 maximis
1033 3527 1180 3592 laudibus
1194 3527 1290 3610 digna
1303 3525 1518 3607 confecerunt,

349 3635 388 3701 ci.
413 3633 512 3700 Thuc.
534 3634 573 3698 Π
595 3640 647 3716 44,
671 3640 696 3698 1.
742 3634 824 3701 Plat.
848 3635 972 3700 Menex.
997 3640 1098 3700 2480:
1132 3636 1169 3699 τὰ
1199 3637 1259 3717 μὲν
1291 3634 1351 3717 γὰρ
1383 3637 1518 3717 ἡμέτερα

347 3742 488 3824 τελευτὴν
506 3744 568 3825 ἥὸη
588 3745 656 3816 ἔξει,
680 3745 762 3827 ἥπερ
780 3744 925 3826 καλλίστη
946 3745 1077 3824 γίγνεται
1096 3743 1289 3824 ἀνθρώποις.
1313 3743 1394 3805 ὥστε
1409 3743 1518 3822 πρέπει

348 3850 425 3912 αὐτὰ
447 3850 570 3930 μᾶλλον
594 3857 724 3930 κοσμεῖν
748 3851 768 3933 ἢ
792 3851 931 3933 θρηνεῖν.

438 4044 446 4074 ¹
467 4041 618 4112 [Pa-Dm.
634 4041 685 4095 LX
699 4043 823 4114 35-37.]

437 4132 448 4164 ²
467 4131 614 4201 [Pa-Dem,
627 4130 678 4184 LX
687 4131 735 4184 35:
756 4133 810 4187 ἔστι
826 4132 880 4206 μὲν
898 4124 947 4187 οὖν
960 4134 1022 4192 ἴσως
1030 4129 1152 4204 χαλεπὸν
1167 4129 1214 4192 τὰς
1225 4128 1365 4203 παρούσας
1378 4127 1517 4204 συμφορὰς

348 4218 419 4294 λόγῳ
438 4225 572 4288 κουφίσαι·
592 4223 636 4276 δεῖ
652 4221 678 4275 d'
699 4217 771 4295 ὅμως
788 4229 939 4292 πειρᾶσθαι
953 4263 958 4274 .
974 4262 979 4274 .
994 4220 1019 4290 ..]
1045 4217 1308 4274 Gf.1soer.XIV4:
1323 4218 1445 4292 χαλεπὸν
1463 4219 1517 4292 μὲν

349 4299 398 4363 edu
412 4350 417 4362 .
432 4350 438 4362 .
453 4351 458 4363 .
473 4305 545 4383 ὅμως
563 4310 593 4365 δὲ
611 4311 765 4381 πειρατέον.

438 4396 508 4451 ³01,
522 4397 615 4467 Fiurip.
631 4399 711 4466 irgm.
726 4399 807 4451 1064:
828 4399 876 4453 οὔκ
897 4399 952 4453 ἔστι
971 4396 1056 4469 λύπης
1075 4398 1139 4452 ἄλλο
1158 4394 1307 4472 φάρμακον
1324 4405 1429 4469 βροτοῖς

826 4487 860 4548 ὡς
879 4485 978 4560 ἀνδρὸς
997 4486 1097 4542 ἐσθλοῦ
1115 4490 1162 4541 καὶ
1180 4490 1261 4556 φίλου
1278 4491 1445 4559 παραίνεσις.
