<?xml version="1.0" encoding="UTF-8"?>
<!DOCTYPE html PUBLIC "-//W3C//DTD XHTML 1.0 Transitional//EN"
    "http://www.w3.org/TR/xhtml1/DTD/xhtml1-transitional.dtd">
<html xmlns="http://www.w3.org/1999/xhtml" xml:lang="en" lang="en">
 <head>
  <title>
</title>
<meta http-equiv="Content-Type" content="text/html;charset=utf-8" />
  <meta name='ocr-system' content='tesseract 3.04.00' />
  <meta name='ocr-capabilities' content='ocr_page ocr_carea ocr_par ocr_line ocrx_word'/>
</head>
<body>
  <div class='ocr_page' id='page_1' title='image "./dehyperidisorat00schlgoog_0052.png"; bbox 0 0 3522 5436; ppageno 0'>
   <div class='ocr_carea' id='block_1_1' title="bbox 717 602 937 664">
    <p class='ocr_par' dir='ltr' id='par_1_1' title="bbox 717 602 937 664">
     <span class='ocr_line' id='line_1_1' title="bbox 717 602 937 664; baseline 0 -18"><span class='ocrx_word' id='word_1_1' title='bbox 717 602 937 664; x_wconf 80' lang='lat'>..49-</span> 
     </span>
    </p>
   </div>
   <div class='ocr_carea' id='block_1_2' title="bbox 240 775 1415 1713">
    <p class='ocr_par' dir='ltr' id='par_1_2' title="bbox 240 775 1415 1713">
     <span class='ocr_line' id='line_1_2' title="bbox 330 775 1412 858; baseline -0.002 -17"><span class='ocrx_word' id='word_1_2' title='bbox 330 775 404 841; x_wconf 91' lang='lat' dir='ltr'>Non</span> <span class='ocrx_word' id='word_1_3' title='bbox 441 777 544 841; x_wconf 88' lang='lat' dir='ltr'>solum</span> <span class='ocrx_word' id='word_1_4' title='bbox 579 785 713 841; x_wconf 87' lang='lat' dir='ltr'>mortem</span> <span class='ocrx_word' id='word_1_5' title='bbox 749 776 910 858; x_wconf 90' lang='lat' dir='ltr'>obierunt,</span> <span class='ocrx_word' id='word_1_6' title='bbox 950 775 1005 840; x_wconf 90' lang='lat' dir='ltr'>sed</span> <span class='ocrx_word' id='word_1_7' title='bbox 1043 777 1256 840; x_wconf 76' lang='lat' dir='ltr'>immortalem</span> <span class='ocrx_word' id='word_1_8' title='bbox 1293 775 1412 839; x_wconf 81' lang='lat' dir='ltr'>famam</span> 
     </span>
     <span class='ocr_line' id='line_1_3' title="bbox 241 881 1412 967; baseline -0.001 -21"><span class='ocrx_word' id='word_1_9' title='bbox 241 883 452 966; x_wconf 88' lang='lat' dir='ltr'>reliquerunt,</span> <span class='ocrx_word' id='word_1_10' title='bbox 480 883 519 947; x_wconf 90' lang='lat' dir='ltr'>de</span> <span class='ocrx_word' id='word_1_11' title='bbox 548 905 612 967; x_wconf 88' lang='lat' dir='ltr'>qua</span> <span class='ocrx_word' id='word_1_12' title='bbox 639 883 816 956; x_wconf 79' lang='lat' dir='ltr'>tamaium</span> <span class='ocrx_word' id='word_1_13' title='bbox 847 904 943 966; x_wconf 85' lang='lat' dir='ltr'>supra</span> <span class='ocrx_word' id='word_1_14' title='bbox 970 904 1000 965; x_wconf 91' lang='lat' dir='ltr'>p.</span> <span class='ocrx_word' id='word_1_15' title='bbox 1023 886 1064 948; x_wconf 77' lang='lat'>32</span> <span class='ocrx_word' id='word_1_16' title='bbox 1093 886 1151 966; x_wconf 84' lang='lat' dir='ltr'>egi.</span> <span class='ocrx_word' id='word_1_17' title='bbox 1197 882 1272 948; x_wconf 91' lang='lat' dir='ltr'>Non</span> <span class='ocrx_word' id='word_1_18' title='bbox 1300 881 1412 946; x_wconf 89' lang='lat' dir='ltr'>dubito</span> 
     </span>
     <span class='ocr_line' id='line_1_4' title="bbox 243 986 1415 1072; baseline -0.002 -19"><span class='ocrx_word' id='word_1_19' title='bbox 243 988 349 1054; x_wconf 90' lang='lat' dir='ltr'>dicere</span> <span class='ocrx_word' id='word_1_20' title='bbox 374 986 572 1054; x_wconf 86' lang='lat' dir='ltr'>Graecorum</span> <span class='ocrx_word' id='word_1_21' title='bbox 596 990 716 1072; x_wconf 83' lang='lat' dir='ltr'>gloriae</span> <span class='ocrx_word' id='word_1_22' title='bbox 740 990 948 1072; x_wconf 76' lang='lat' dir='ltr'>cupiditatem</span> <span class='ocrx_word' id='word_1_23' title='bbox 968 989 1001 1053; x_wconf 91' lang='lat' dir='ltr'>id</span> <span class='ocrx_word' id='word_1_24' title='bbox 1018 991 1154 1054; x_wconf 89' lang='lat' dir='ltr'>maxime</span> <span class='ocrx_word' id='word_1_25' title='bbox 1172 988 1355 1070; x_wconf 87' lang='lat' dir='ltr'>tetendisse,</span> <span class='ocrx_word' id='word_1_26' title='bbox 1378 997 1415 1051; x_wconf 90' lang='lat' dir='ltr'>ut</span> 
     </span>
     <span class='ocr_line' id='line_1_5' title="bbox 241 1097 1413 1179; baseline -0.001 -19"><span class='ocrx_word' id='word_1_27' title='bbox 241 1097 514 1161; x_wconf 89' lang='lat' dir='ltr'>immortalitatem</span> <span class='ocrx_word' id='word_1_28' title='bbox 542 1118 600 1179; x_wconf 89' lang='lat' dir='ltr'>per</span> <span class='ocrx_word' id='word_1_29' title='bbox 627 1097 746 1160; x_wconf 83' lang='lat' dir='ltr'>famam</span> <span class='ocrx_word' id='word_1_30' title='bbox 777 1099 971 1179; x_wconf 77' lang='lat' dir='ltr'>acciperent,</span> <span class='ocrx_word' id='word_1_31' title='bbox 1001 1107 1033 1160; x_wconf 91' lang='lat' dir='ltr'>et</span> <span class='ocrx_word' id='word_1_32' title='bbox 1060 1098 1179 1179; x_wconf 90' lang='lat' dir='ltr'>passim</span> <span class='ocrx_word' id='word_1_33' title='bbox 1207 1097 1323 1159; x_wconf 84' lang='lat' dir='ltr'>milites</span> <span class='ocrx_word' id='word_1_34' title='bbox 1347 1097 1413 1159; x_wconf 87' lang='lat' dir='ltr'>sive</span> 
     </span>
     <span class='ocr_line' id='line_1_6' title="bbox 242 1200 1413 1285; baseline -0.001 -19"><span class='ocrx_word' id='word_1_35' title='bbox 242 1204 382 1285; x_wconf 84' lang='lat' dir='ltr'>singulos</span> <span class='ocrx_word' id='word_1_36' title='bbox 406 1203 551 1268; x_wconf 90' lang='lat' dir='ltr'>homines</span> <span class='ocrx_word' id='word_1_37' title='bbox 576 1203 693 1267; x_wconf 91' lang='lat' dir='ltr'>dicitur</span> <span class='ocrx_word' id='word_1_38' title='bbox 715 1203 798 1267; x_wconf 93' lang='lat' dir='ltr'>hanc</span> <span class='ocrx_word' id='word_1_39' title='bbox 817 1203 937 1266; x_wconf 81' lang='lat' dir='ltr'>famam</span> <span class='ocrx_word' id='word_1_40' title='bbox 953 1205 1083 1267; x_wconf 90' lang='lat' dir='ltr'>meritos</span> <span class='ocrx_word' id='word_1_41' title='bbox 1101 1224 1178 1267; x_wconf 87' lang='lat' dir='ltr'>esse.</span> <span class='ocrx_word' id='word_1_42' title='bbox 1217 1200 1299 1267; x_wconf 80' lang='lat' dir='ltr'>cum</span> <span class='ocrx_word' id='word_1_43' title='bbox 1315 1203 1413 1265; x_wconf 88' lang='lat' dir='ltr'>occisi</span> 
     </span>
     <span class='ocr_line' id='line_1_7' title="bbox 242 1307 1412 1392; baseline 0 -20"><span class='ocrx_word' id='word_1_44' title='bbox 242 1331 312 1373; x_wconf 91' lang='lat' dir='ltr'>eam</span> <span class='ocrx_word' id='word_1_45' title='bbox 341 1310 450 1392; x_wconf 86' lang='lat' dir='ltr'>adepti</span> <span class='ocrx_word' id='word_1_46' title='bbox 479 1313 553 1391; x_wconf 91' lang='lat' dir='ltr'>sint,</span> <span class='ocrx_word' id='word_1_47' title='bbox 588 1309 726 1374; x_wconf 89' lang='lat' dir='ltr'>affirmat</span> <span class='ocrx_word' id='word_1_48' title='bbox 759 1319 867 1374; x_wconf 89' lang='lat' dir='ltr'>orator</span> <span class='ocrx_word' id='word_1_49' title='bbox 895 1330 950 1373; x_wconf 86' lang='lat' dir='ltr'>eos</span> <span class='ocrx_word' id='word_1_50' title='bbox 978 1330 1013 1372; x_wconf 88' lang='lat' dir='ltr'>re</span> <span class='ocrx_word' id='word_1_51' title='bbox 1042 1329 1116 1373; x_wconf 87' lang='lat' dir='ltr'>vera</span> <span class='ocrx_word' id='word_1_52' title='bbox 1145 1311 1273 1373; x_wconf 89' lang='lat' dir='ltr'>omnino</span> <span class='ocrx_word' id='word_1_53' title='bbox 1300 1307 1412 1372; x_wconf 87' lang='lat' dir='ltr'>beatos</span> 
     </span>
     <span class='ocr_line' id='line_1_8' title="bbox 242 1415 1412 1499; baseline -0.001 -20"><span class='ocrx_word' id='word_1_54' title='bbox 242 1415 471 1480; x_wconf 87' lang='lat' dir='ltr'>existimandus</span> <span class='ocrx_word' id='word_1_55' title='bbox 485 1437 554 1480; x_wconf 89' lang='lat' dir='ltr'>esse</span> <span class='ocrx_word' id='word_1_56' title='bbox 561 1419 582 1499; x_wconf 88' lang='lat'>¹,</span> <span class='ocrx_word' id='word_1_57' title='bbox 600 1419 723 1480; x_wconf 87' lang='lat' dir='ltr'>etiamsi</span> <span class='ocrx_word' id='word_1_58' title='bbox 739 1418 911 1481; x_wconf 86' lang='lat' dir='ltr'>senectutis</span> <span class='ocrx_word' id='word_1_59' title='bbox 924 1417 1106 1480; x_wconf 83' lang='lat' dir='ltr'>mortalium</span> <span class='ocrx_word' id='word_1_60' title='bbox 1120 1423 1266 1498; x_wconf 87' lang='lat' dir='ltr'>expertes</span> <span class='ocrx_word' id='word_1_61' title='bbox 1278 1424 1412 1479; x_wconf 88' lang='lat' dir='ltr'>mortem</span> 
     </span>
     <span class='ocr_line' id='line_1_9' title="bbox 242 1520 1411 1606; baseline -0.001 -20"><span class='ocrx_word' id='word_1_62' title='bbox 242 1521 392 1587; x_wconf 84' lang='lat' dir='ltr'>obierint:</span> <span class='ocrx_word' id='word_1_63' title='bbox 422 1525 606 1606; x_wconf 81' lang='grc' dir='ltr'><em>εὐδαίμονές</em></span> <span class='ocrx_word' id='word_1_64' title='bbox 628 1549 660 1588; x_wconf 89' lang='grc' dir='ltr'>τε</span> <span class='ocrx_word' id='word_1_65' title='bbox 684 1525 828 1606; x_wconf 83' lang='grc' dir='ltr'><em>γεγόνασι</em></span> <span class='ocrx_word' id='word_1_66' title='bbox 850 1524 930 1587; x_wconf 84' lang='grc' dir='ltr'><em>κατὰ</em></span> <span class='ocrx_word' id='word_1_67' title='bbox 953 1525 1063 1587; x_wconf 88' lang='grc' dir='ltr'><em>πάντα.</em></span> <span class='ocrx_word' id='word_1_68' title='bbox 1093 1520 1411 1605; x_wconf 82' lang='lat' dir='ltr'>cf.Ps.-Lys.1179:</span> 
     </span>
     <span class='ocr_line' id='line_1_10' title="bbox 240 1628 1243 1713; baseline 0.002 -21"><span class='ocrx_word' id='word_1_69' title='bbox 240 1632 394 1712; x_wconf 86' lang='grc' dir='ltr'><em>προσήκει</em></span> <span class='ocrx_word' id='word_1_70' title='bbox 416 1632 546 1702; x_wconf 87' lang='grc' dir='ltr'><em>τούτους</em></span> <span class='ocrx_word' id='word_1_71' title='bbox 569 1631 867 1712; x_wconf 80' lang='grc' dir='ltr'><em>εὐδαιμονεστάτους</em></span> <span class='ocrx_word' id='word_1_72' title='bbox 889 1631 1042 1713; x_wconf 71' lang='grc' dir='ltr'><em>ἡγεῖσθαι.</em></span> <span class='ocrx_word' id='word_1_73' title='bbox 1079 1628 1156 1693; x_wconf 88' lang='lat' dir='ltr'>ibid.</span> <span class='ocrx_word' id='word_1_74' title='bbox 1173 1630 1243 1694; x_wconf 70' lang='lat'>81³.</span> 
     </span>
    </p>
   </div>
   <div class='ocr_carea' id='block_1_3' title="bbox 240 1750 1414 2459">
    <p class='ocr_par' dir='ltr' id='par_1_3' title="bbox 240 1750 1414 2459">
     <span class='ocr_line' id='line_1_11' title="bbox 331 1750 1413 1837; baseline 0 -21"><span class='ocrx_word' id='word_1_75' title='bbox 331 1750 395 1836; x_wconf 83' lang='lat' dir='ltr'>Qui</span> <span class='ocrx_word' id='word_1_76' title='bbox 419 1753 527 1818; x_wconf 91' lang='lat' dir='ltr'>liberis</span> <span class='ocrx_word' id='word_1_77' title='bbox 552 1763 697 1819; x_wconf 87' lang='lat' dir='ltr'>carentes</span> <span class='ocrx_word' id='word_1_78' title='bbox 721 1757 838 1818; x_wconf 89' lang='lat' dir='ltr'>mortui</span> <span class='ocrx_word' id='word_1_79' title='bbox 863 1763 944 1837; x_wconf 91' lang='lat' dir='ltr'>sunt,</span> <span class='ocrx_word' id='word_1_80' title='bbox 967 1755 1006 1818; x_wconf 89' lang='lat' dir='ltr'>iis</span> <span class='ocrx_word' id='word_1_81' title='bbox 1031 1752 1141 1818; x_wconf 89' lang='lat' dir='ltr'>laudes</span> <span class='ocrx_word' id='word_1_82' title='bbox 1162 1774 1182 1817; x_wconf 85' lang='lat' dir='ltr'>a</span> <span class='ocrx_word' id='word_1_83' title='bbox 1204 1751 1337 1819; x_wconf 84' lang='lat' dir='ltr'>Graecis</span> <span class='ocrx_word' id='word_1_84' title='bbox 1361 1773 1413 1816; x_wconf 88' lang='lat' dir='ltr'>ac·</span> 
     </span>
     <span class='ocr_line' id='line_1_12' title="bbox 242 1859 1411 1943; baseline 0.001 -21"><span class='ocrx_word' id='word_1_85' title='bbox 242 1870 354 1942; x_wconf 88' lang='lat' dir='ltr'>ceptae</span> <span class='ocrx_word' id='word_1_86' title='bbox 382 1859 438 1923; x_wconf 88' lang='lat' dir='ltr'>filii</span> <span class='ocrx_word' id='word_1_87' title='bbox 465 1862 662 1925; x_wconf 89' lang='lat' dir='ltr'>immortales</span> <span class='ocrx_word' id='word_1_88' title='bbox 691 1870 799 1941; x_wconf 89' lang='lat' dir='ltr'>erunt;</span> <span class='ocrx_word' id='word_1_89' title='bbox 833 1863 888 1943; x_wconf 90' lang='lat' dir='ltr'>qni</span> <span class='ocrx_word' id='word_1_90' title='bbox 916 1860 1033 1924; x_wconf 90' lang='lat' dir='ltr'>liberos</span> <span class='ocrx_word' id='word_1_91' title='bbox 1062 1861 1270 1943; x_wconf 89' lang='lat' dir='ltr'>reliquerunt,</span> <span class='ocrx_word' id='word_1_92' title='bbox 1304 1880 1411 1925; x_wconf 89' lang='lat' dir='ltr'>eorum</span> 
     </span>
     <span class='ocr_line' id='line_1_13' title="bbox 242 1966 1413 2050; baseline -0.001 -20"><span class='ocrx_word' id='word_1_93' title='bbox 242 1966 465 2050; x_wconf 87' lang='lat' dir='ltr'>superstitibus</span> <span class='ocrx_word' id='word_1_94' title='bbox 490 1966 713 2031; x_wconf 83' lang='lat' dir='ltr'>benevolentia</span> <span class='ocrx_word' id='word_1_95' title='bbox 736 1970 782 2030; x_wconf 91' lang='lat' dir='ltr'>rei</span> <span class='ocrx_word' id='word_1_96' title='bbox 806 1967 953 2050; x_wconf 87' lang='lat' dir='ltr'>publicae</span> <span class='ocrx_word' id='word_1_97' title='bbox 978 1968 1131 2048; x_wconf 89' lang='lat' dir='ltr'>consulet,</span> <span class='ocrx_word' id='word_1_98' title='bbox 1156 1988 1238 2050; x_wconf 89' lang='lat' dir='ltr'>quae</span> <span class='ocrx_word' id='word_1_99' title='bbox 1255 1971 1413 2030; x_wconf 84' lang='lat' dir='ltr'>sententia</span> 
     </span>
     <span class='ocr_line' id='line_1_14' title="bbox 240 2072 1413 2159; baseline 0.002 -24"><span class='ocrx_word' id='word_1_100' title='bbox 240 2074 305 2137; x_wconf 93' lang='lat' dir='ltr'>iam</span> <span class='ocrx_word' id='word_1_101' title='bbox 321 2095 418 2156; x_wconf 88' lang='lat' dir='ltr'>supra</span> <span class='ocrx_word' id='word_1_102' title='bbox 434 2072 453 2159; x_wconf 66' lang='grc' dir='ltr'><strong>ξ</strong></span> <span class='ocrx_word' id='word_1_103' title='bbox 472 2079 511 2138; x_wconf 80' lang='lat'>27</span> <span class='ocrx_word' id='word_1_104' title='bbox 528 2076 702 2138; x_wconf 85' lang='lat' dir='ltr'>iuvenitur:</span> <span class='ocrx_word' id='word_1_105' title='bbox 726 2076 836 2146; x_wconf 77' lang='grc' dir='ltr'><em>παῖδες</em></span> <span class='ocrx_word' id='word_1_106' title='bbox 859 2076 989 2157; x_wconf 77' lang='grc' dir='ltr'><em>ἐφόδιον</em></span> <span class='ocrx_word' id='word_1_107' title='bbox 1008 2077 1051 2146; x_wconf 83' lang='grc' dir='ltr'>εἰς</span> <span class='ocrx_word' id='word_1_108' title='bbox 1068 2075 1124 2158; x_wconf 85' lang='grc' dir='ltr'><em>τὴν</em></span> <span class='ocrx_word' id='word_1_109' title='bbox 1142 2075 1224 2156; x_wconf 85' lang='grc' dir='ltr'><em>πρὸς</em></span> <span class='ocrx_word' id='word_1_110' title='bbox 1240 2073 1294 2138; x_wconf 85' lang='grc' dir='ltr'><em>τὸν</em></span> <span class='ocrx_word' id='word_1_111' title='bbox 1310 2075 1413 2157; x_wconf 75' lang='grc' dir='ltr'><em>δῆμον</em></span> 
     </span>
     <span class='ocr_line' id='line_1_15' title="bbox 241 2177 1412 2267; baseline -0.001 -24"><span class='ocrx_word' id='word_1_112' title='bbox 241 2177 396 2267; x_wconf 80' lang='grc' dir='ltr'><em>ε[ὕνοι]αν</em></span> <span class='ocrx_word' id='word_1_113' title='bbox 414 2181 470 2263; x_wconf 85' lang='grc' dir='ltr'><em>τὴν</em></span> <span class='ocrx_word' id='word_1_114' title='bbox 489 2188 553 2246; x_wconf 86' lang='grc' dir='ltr'><em>τῶν</em></span> <span class='ocrx_word' id='word_1_115' title='bbox 573 2183 632 2244; x_wconf 81' lang='grc' dir='ltr'>οὐκ</span> <span class='ocrx_word' id='word_1_116' title='bbox 652 2183 866 2246; x_wconf 77' lang='grc' dir='ltr'><strong><em>ἀπολωλότων</em></strong></span> <span class='ocrx_word' id='word_1_117' title='bbox 886 2183 998 2265; x_wconf 85' lang='grc' dir='ltr'><em>ἀρετὴν</em></span> <span class='ocrx_word' id='word_1_118' title='bbox 1021 2231 1074 2247; x_wconf 91' lang='grc'>...</span> <span class='ocrx_word' id='word_1_119' title='bbox 1095 2184 1226 2255; x_wconf 80' lang='grc' dir='ltr'><em>ἕξουσιν.</em></span> <span class='ocrx_word' id='word_1_120' title='bbox 1258 2181 1298 2245; x_wconf 82' lang='lat' dir='ltr'>cf.</span> <span class='ocrx_word' id='word_1_121' title='bbox 1314 2178 1412 2243; x_wconf 77' lang='lat' dir='ltr'>Thuc.</span> 
     </span>
     <span class='ocr_line' id='line_1_16' title="bbox 241 2285 1414 2372; baseline 0.001 -23"><span class='ocrx_word' id='word_1_122' title='bbox 241 2285 353 2352; x_wconf 84' lang='lat'>1146.</span> <span class='ocrx_word' id='word_1_123' title='bbox 391 2286 472 2352; x_wconf 86' lang='lat' dir='ltr'>Plat.</span> <span class='ocrx_word' id='word_1_124' title='bbox 492 2287 617 2351; x_wconf 88' lang='lat' dir='ltr'>Menex.</span> <span class='ocrx_word' id='word_1_125' title='bbox 642 2288 747 2369; x_wconf 71' lang='lat' dir='ltr'>ared,</span> <span class='ocrx_word' id='word_1_126' title='bbox 773 2291 975 2368; x_wconf 74' lang='lat' dir='ltr'>248el249a.</span> <span class='ocrx_word' id='word_1_127' title='bbox 1012 2287 1283 2372; x_wconf 81' lang='lat' dir='ltr'>Ps.-Lys.1175.</span> <span class='ocrx_word' id='word_1_128' title='bbox 1320 2286 1414 2350; x_wconf 85' lang='lat' dir='ltr'>Dem.</span> 
     </span>
     <span class='ocr_line' id='line_1_17' title="bbox 240 2391 426 2459; baseline 0.022 -4"><span class='ocrx_word' id='word_1_129' title='bbox 240 2391 332 2456; x_wconf 89' lang='lat' dir='ltr'>XIX</span> <span class='ocrx_word' id='word_1_130' title='bbox 353 2397 426 2459; x_wconf 79' lang='lat'>313.</span> 
     </span>
    </p>
   </div>
   <div class='ocr_carea' id='block_1_4' title="bbox 240 2517 1413 2816">
    <p class='ocr_par' dir='ltr' id='par_1_4' title="bbox 240 2517 1413 2816">
     <span class='ocr_line' id='line_1_18' title="bbox 329 2517 1413 2612; baseline 0.002 -32"><span class='ocrx_word' id='word_1_131' title='bbox 329 2517 444 2612; x_wconf 82' lang='lat' dir='ltr'>Itaque</span> <span class='ocrx_word' id='word_1_132' title='bbox 462 2539 571 2582; x_wconf 90' lang='lat' dir='ltr'>omnes</span> <span class='ocrx_word' id='word_1_133' title='bbox 589 2520 733 2601; x_wconf 89' lang='lat' dir='ltr'>prolatae</span> <span class='ocrx_word' id='word_1_134' title='bbox 750 2521 903 2582; x_wconf 91' lang='lat' dir='ltr'>maeroris</span> <span class='ocrx_word' id='word_1_135' title='bbox 921 2540 1035 2583; x_wconf 87' lang='lat' dir='ltr'>causae</span> <span class='ocrx_word' id='word_1_136' title='bbox 1055 2518 1236 2582; x_wconf 77' lang='lat' dir='ltr'>refutantur</span> <span class='ocrx_word' id='word_1_137' title='bbox 1255 2540 1301 2600; x_wconf 95' lang='lat' dir='ltr'>eo,</span> <span class='ocrx_word' id='word_1_138' title='bbox 1326 2518 1413 2602; x_wconf 91' lang='lat' dir='ltr'>qnod</span> 
     </span>
     <span class='ocr_line' id='line_1_19' title="bbox 240 2624 1413 2708; baseline 0.003 -22"><span class='ocrx_word' id='word_1_139' title='bbox 240 2625 356 2688; x_wconf 88' lang='lat' dir='ltr'>milites</span> <span class='ocrx_word' id='word_1_140' title='bbox 380 2627 529 2688; x_wconf 83' lang='lat' dir='ltr'>virtutem</span> <span class='ocrx_word' id='word_1_141' title='bbox 553 2628 784 2708; x_wconf 86' lang='lat' dir='ltr'>praestiterint,</span> <span class='ocrx_word' id='word_1_142' title='bbox 809 2647 859 2690; x_wconf 91' lang='lat' dir='ltr'>res</span> <span class='ocrx_word' id='word_1_143' title='bbox 889 2624 1066 2690; x_wconf 89' lang='lat' dir='ltr'>laudabiles</span> <span class='ocrx_word' id='word_1_144' title='bbox 1091 2629 1259 2708; x_wconf 79' lang='lat' dir='ltr'>gesserint,</span> <span class='ocrx_word' id='word_1_145' title='bbox 1283 2626 1413 2707; x_wconf 84' lang='lat' dir='ltr'>famam,</span> 
     </span>
     <span class='ocr_line' id='line_1_20' title="bbox 240 2729 1358 2816; baseline 0.004 -24"><span class='ocrx_word' id='word_1_146' title='bbox 240 2729 360 2811; x_wconf 88' lang='lat' dir='ltr'>laudes,</span> <span class='ocrx_word' id='word_1_147' title='bbox 385 2731 639 2796; x_wconf 89' lang='lat' dir='ltr'>benevolentiam</span> <span class='ocrx_word' id='word_1_148' title='bbox 665 2736 759 2796; x_wconf 89' lang='lat' dir='ltr'>etiam</span> <span class='ocrx_word' id='word_1_149' title='bbox 785 2753 860 2815; x_wconf 83' lang='lat' dir='ltr'>ergo</span> <span class='ocrx_word' id='word_1_150' title='bbox 884 2732 1001 2797; x_wconf 91' lang='lat' dir='ltr'>liberos</span> <span class='ocrx_word' id='word_1_151' title='bbox 1027 2752 1100 2796; x_wconf 89' lang='lat' dir='ltr'>suos</span> <span class='ocrx_word' id='word_1_152' title='bbox 1125 2735 1358 2816; x_wconf 86' lang='lat' dir='ltr'>acquisiverint.</span> 
     </span>
    </p>
   </div>
   <div class='ocr_carea' id='block_1_5' title="bbox 238 2855 1412 3473">
    <p class='ocr_par' dir='ltr' id='par_1_5' title="bbox 238 2855 1412 3260">
     <span class='ocr_line' id='line_1_21' title="bbox 329 2855 1412 2940; baseline 0.002 -21"><span class='ocrx_word' id='word_1_153' title='bbox 329 2855 510 2937; x_wconf 86' lang='lat' dir='ltr'>Praeterea,</span> <span class='ocrx_word' id='word_1_154' title='bbox 536 2856 706 2938; x_wconf 88' lang='lat' dir='ltr'>concludit,</span> <span class='ocrx_word' id='word_1_155' title='bbox 731 2859 757 2921; x_wconf 88' lang='lat' dir='ltr'>si</span> <span class='ocrx_word' id='word_1_156' title='bbox 781 2867 917 2921; x_wconf 91' lang='lat' dir='ltr'>mortem</span> <span class='ocrx_word' id='word_1_157' title='bbox 941 2856 1046 2921; x_wconf 90' lang='lat' dir='ltr'>obisse</span> <span class='ocrx_word' id='word_1_158' title='bbox 1070 2878 1128 2940; x_wconf 89' lang='lat' dir='ltr'>par</span> <span class='ocrx_word' id='word_1_159' title='bbox 1152 2866 1201 2921; x_wconf 89' lang='lat' dir='ltr'>est</span> <span class='ocrx_word' id='word_1_160' title='bbox 1219 2868 1315 2939; x_wconf 89' lang='lat' dir='ltr'>atque</span> <span class='ocrx_word' id='word_1_161' title='bbox 1333 2879 1412 2922; x_wconf 89' lang='lat' dir='ltr'>nun-</span> 
     </span>
     <span class='ocr_line' id='line_1_22' title="bbox 240 2961 1412 3048; baseline 0.003 -23"><span class='ocrx_word' id='word_1_162' title='bbox 240 2983 337 3044; x_wconf 90' lang='lat' dir='ltr'>quam</span> <span class='ocrx_word' id='word_1_163' title='bbox 358 2972 466 3038; x_wconf 89' lang='lat' dir='ltr'>natum</span> <span class='ocrx_word' id='word_1_164' title='bbox 491 2984 569 3043; x_wconf 88' lang='lat' dir='ltr'>esse,</span> <span class='ocrx_word' id='word_1_165' title='bbox 594 2961 612 3048; x_wconf 67' lang='grc' dir='ltr'><em>ξ</em></span> <span class='ocrx_word' id='word_1_166' title='bbox 632 2967 674 3026; x_wconf 88' lang='grc'>43</span> <span class='ocrx_word' id='word_1_167' title='bbox 699 2964 932 3047; x_wconf 75' lang='grc' dir='ltr'><em>ἀπηλλαγμένοι</em></span> <span class='ocrx_word' id='word_1_168' title='bbox 955 2965 1011 3028; x_wconf 79' lang='grc' dir='ltr'><em>εἰσὶ</em></span> <span class='ocrx_word' id='word_1_169' title='bbox 1032 2965 1139 3028; x_wconf 86' lang='grc' dir='ltr'><em>νόσων</em></span> <span class='ocrx_word' id='word_1_170' title='bbox 1162 2965 1216 3028; x_wconf 82' lang='grc' dir='ltr'><em>καλ</em></span> <span class='ocrx_word' id='word_1_171' title='bbox 1237 2965 1336 3047; x_wconf 81' lang='grc' dir='ltr'><em>λύπης</em></span> <span class='ocrx_word' id='word_1_172' title='bbox 1359 2967 1412 3028; x_wconf 85' lang='grc' dir='ltr'><em>καὶ</em></span> 
     </span>
     <span class='ocr_line' id='line_1_23' title="bbox 238 3070 1410 3154; baseline 0.003 -22"><span class='ocrx_word' id='word_1_173' title='bbox 238 3075 303 3133; x_wconf 85' lang='grc' dir='ltr'><em>τῶν</em></span> <span class='ocrx_word' id='word_1_174' title='bbox 319 3070 424 3134; x_wconf 85' lang='grc' dir='ltr'><em>ἄλλων</em></span> <span class='ocrx_word' id='word_1_175' title='bbox 439 3075 503 3133; x_wconf 84' lang='grc' dir='ltr'><em>τῶν</em></span> <span class='ocrx_word' id='word_1_176' title='bbox 518 3071 780 3151; x_wconf 80' lang='grc' dir='ltr'><em>προσπιπτόντων</em></span> <span class='ocrx_word' id='word_1_177' title='bbox 796 3073 838 3141; x_wconf 87' lang='grc' dir='ltr'>εἰς</span> <span class='ocrx_word' id='word_1_178' title='bbox 853 3071 907 3134; x_wconf 84' lang='grc' dir='ltr'><em>τὸν</em></span> <span class='ocrx_word' id='word_1_179' title='bbox 922 3072 1128 3152; x_wconf 73' lang='grc' dir='ltr'><em>ἀνθρώπινον</em></span> <span class='ocrx_word' id='word_1_180' title='bbox 1143 3073 1214 3154; x_wconf 78' lang='grc' dir='ltr'><em>βίον</em></span> <span class='ocrx_word' id='word_1_181' title='bbox 1221 3071 1241 3133; x_wconf 79' lang='lat'>⁸.</span> <span class='ocrx_word' id='word_1_182' title='bbox 1261 3071 1300 3134; x_wconf 90' lang='lat' dir='ltr'>of.</span> <span class='ocrx_word' id='word_1_183' title='bbox 1311 3070 1410 3136; x_wconf 85' lang='lat' dir='ltr'>Isocr.</span> 
     </span>
     <span class='ocr_line' id='line_1_24' title="bbox 238 3173 1099 3260; baseline 0.002 -22"><span class='ocrx_word' id='word_1_184' title='bbox 238 3174 294 3238; x_wconf 80' lang='lat' dir='ltr'>IX</span> <span class='ocrx_word' id='word_1_185' title='bbox 313 3179 361 3239; x_wconf 87' lang='grc'>71.</span> <span class='ocrx_word' id='word_1_186' title='bbox 395 3175 471 3240; x_wconf 81' lang='lat' dir='ltr'>Eur.</span> <span class='ocrx_word' id='word_1_187' title='bbox 488 3173 596 3242; x_wconf 63' lang='lat' dir='ltr'>Phria</span> <span class='ocrx_word' id='word_1_188' title='bbox 612 3175 703 3258; x_wconf 81' lang='lat' dir='ltr'>irgm.</span> <span class='ocrx_word' id='word_1_189' title='bbox 721 3179 800 3240; x_wconf 75' lang='lat'>830:</span> <span class='ocrx_word' id='word_1_190' title='bbox 972 3179 1099 3260; x_wconf 81' lang='grc' dir='ltr'><em>βροτῶν</em></span> 
     </span>
    </p>

    <p class='ocr_par' dir='ltr' id='par_1_6' title="bbox 371 3283 1157 3473">
     <span class='ocr_line' id='line_1_25' title="bbox 474 3283 1100 3366; baseline 0.002 -20"><span class='ocrx_word' id='word_1_191' title='bbox 474 3289 619 3346; x_wconf 82' lang='grc' dir='ltr'><em>νοσοῦσιν</em></span> <span class='ocrx_word' id='word_1_192' title='bbox 643 3285 674 3346; x_wconf 80' lang='grc' dir='ltr'>οἱ</span> <span class='ocrx_word' id='word_1_193' title='bbox 694 3283 870 3366; x_wconf 77' lang='grc' dir='ltr'><em>βλέποντες,</em></span> <span class='ocrx_word' id='word_1_194' title='bbox 895 3285 926 3347; x_wconf 79' lang='grc' dir='ltr'>οἱ</span> <span class='ocrx_word' id='word_1_195' title='bbox 948 3284 1100 3354; x_wconf 84' lang='grc' dir='ltr'><em>ὀλωλότες</em></span> 
     </span>
     <span class='ocr_line' id='line_1_26' title="bbox 371 3390 1157 3473; baseline 0.005 -21"><span class='ocrx_word' id='word_1_196' title='bbox 371 3431 378 3446; x_wconf 81' lang='lat'><strong>·</strong></span> <span class='ocrx_word' id='word_1_197' title='bbox 474 3390 568 3453; x_wconf 79' lang='grc' dir='ltr'><em>οὐδὲν</em></span> <span class='ocrx_word' id='word_1_198' title='bbox 591 3397 738 3454; x_wconf 84' lang='grc' dir='ltr'><em>νοσοῦσιν</em></span> <span class='ocrx_word' id='word_1_199' title='bbox 761 3391 836 3454; x_wconf 83' lang='grc' dir='ltr'><em>οὐδὲ</em></span> <span class='ocrx_word' id='word_1_200' title='bbox 859 3393 1021 3473; x_wconf 85' lang='grc' dir='ltr'><em>κέκτηνται</em></span> <span class='ocrx_word' id='word_1_201' title='bbox 1044 3391 1157 3456; x_wconf 55' lang='grc' dir='ltr'><em>κακάῆ</em></span> 
     </span>
    </p>
   </div>
   <div class='ocr_carea' id='block_1_6' title="bbox 240 3509 1410 3703">
    <p class='ocr_par' dir='ltr' id='par_1_7' title="bbox 240 3509 1410 3703">
     <span class='ocr_line' id='line_1_27' title="bbox 330 3509 1408 3599; baseline 0.004 -23"><span class='ocrx_word' id='word_1_202' title='bbox 330 3509 385 3576; x_wconf 85' lang='lat' dir='ltr'>Sin</span> <span class='ocrx_word' id='word_1_203' title='bbox 403 3522 509 3576; x_wconf 89' lang='lat' dir='ltr'>autem</span> <span class='ocrx_word' id='word_1_204' title='bbox 527 3512 670 3577; x_wconf 84' lang='lat' dir='ltr'>defuncti</span> <span class='ocrx_word' id='word_1_205' title='bbox 686 3513 806 3577; x_wconf 89' lang='lat' dir='ltr'>habeut</span> <span class='ocrx_word' id='word_1_206' title='bbox 823 3512 944 3595; x_wconf 90' lang='lat' dir='ltr'>aliquid</span> <span class='ocrx_word' id='word_1_207' title='bbox 961 3535 1072 3578; x_wconf 87' lang='lat' dir='ltr'>seusus</span> <span class='ocrx_word' id='word_1_208' title='bbox 1097 3521 1129 3577; x_wconf 92' lang='lat' dir='ltr'>et</span> <span class='ocrx_word' id='word_1_209' title='bbox 1148 3525 1196 3579; x_wconf 88' lang='lat' dir='ltr'>est</span> <span class='ocrx_word' id='word_1_210' title='bbox 1213 3515 1338 3599; x_wconf 89' lang='lat' dir='ltr'>aliquae</span> <span class='ocrx_word' id='word_1_211' title='bbox 1358 3515 1408 3580; x_wconf 90' lang='lat' dir='ltr'>dei</span> 
     </span>
     <span class='ocr_line' id='line_1_28' title="bbox 240 3619 1410 3703; baseline 0.003 -21"><span class='ocrx_word' id='word_1_212' title='bbox 240 3619 307 3700; x_wconf 73' lang='grc' dir='ltr'><em>(τοῦ</em></span> <span class='ocrx_word' id='word_1_213' title='bbox 332 3620 511 3703; x_wconf 80' lang='grc' dir='ltr'><em>δαιμονίου)</em></span> <span class='ocrx_word' id='word_1_214' title='bbox 534 3628 732 3684; x_wconf 90' lang='lat' dir='ltr'>mortuorum</span> <span class='ocrx_word' id='word_1_215' title='bbox 757 3640 843 3694; x_wconf 88' lang='lat' dir='ltr'>cura,</span> <span class='ocrx_word' id='word_1_216' title='bbox 867 3619 900 3682; x_wconf 92' lang='lat' dir='ltr'>hi</span> <span class='ocrx_word' id='word_1_217' title='bbox 924 3623 1021 3684; x_wconf 90' lang='lat' dir='ltr'>occisi</span> <span class='ocrx_word' id='word_1_218' title='bbox 1045 3623 1112 3685; x_wconf 88' lang='lat' dir='ltr'>sine</span> <span class='ocrx_word' id='word_1_219' title='bbox 1137 3620 1235 3685; x_wconf 92' lang='lat' dir='ltr'>dubio</span> <span class='ocrx_word' id='word_1_220' title='bbox 1251 3625 1410 3687; x_wconf 89' lang='lat' dir='ltr'>maximae</span> 
     </span>
    </p>
   </div>
   <div class='ocr_carea' id='block_1_7' title="bbox 233 3812 1411 4685">
    <p class='ocr_par' dir='ltr' id='par_1_8' title="bbox 238 3812 1408 3971">
     <span class='ocr_line' id='line_1_29' title="bbox 329 3812 1408 3882; baseline 0.005 -17"><span class='ocrx_word' id='word_1_221' title='bbox 329 3812 446 3866; x_wconf 76' lang='grc' dir='ltr'>1Μεσιε</span> <span class='ocrx_word' id='word_1_222' title='bbox 465 3815 483 3866; x_wconf 90' lang='lat'>1.</span> <span class='ocrx_word' id='word_1_223' title='bbox 497 3830 519 3866; x_wconf 88' lang='lat' dir='ltr'>o.</span> <span class='ocrx_word' id='word_1_224' title='bbox 548 3813 581 3867; x_wconf 81' lang='lat' dir='ltr'>N.</span> <span class='ocrx_word' id='word_1_225' title='bbox 595 3814 683 3867; x_wconf 79' lang='lat' dir='ltr'>Jehrl.</span> <span class='ocrx_word' id='word_1_226' title='bbox 699 3813 776 3880; x_wconf 80' lang='lat'>1889,</span> <span class='ocrx_word' id='word_1_227' title='bbox 796 3831 821 3882; x_wconf 92' lang='lat' dir='ltr'>p.</span> <span class='ocrx_word' id='word_1_228' title='bbox 835 3814 900 3866; x_wconf 78' lang='lat'>813:</span> <span class='ocrx_word' id='word_1_229' title='bbox 920 3813 981 3866; x_wconf 88' lang='lat' dir='ltr'>Wir</span> <span class='ocrx_word' id='word_1_230' title='bbox 1000 3816 1108 3868; x_wconf 87' lang='lat' dir='ltr'>werden</span> <span class='ocrx_word' id='word_1_231' title='bbox 1129 3834 1178 3869; x_wconf 80' lang='lat' dir='ltr'>nur</span> <span class='ocrx_word' id='word_1_232' title='bbox 1197 3815 1281 3869; x_wconf 80' lang='lat' dir='ltr'>huten</span> <span class='ocrx_word' id='word_1_233' title='bbox 1300 3818 1408 3870; x_wconf 80' lang='lat' dir='ltr'>miirsen</span> 
     </span>
     <span class='ocr_line' id='line_1_30' title="bbox 238 3901 1406 3971; baseline 0.003 -17"><span class='ocrx_word' id='word_1_234' title='bbox 238 3903 266 3954; x_wconf 92' lang='lat' dir='ltr'>in</span> <span class='ocrx_word' id='word_1_235' title='bbox 279 3903 370 3955; x_wconf 76' lang='lat' dir='ltr'>dieser</span> <span class='ocrx_word' id='word_1_236' title='bbox 382 3903 442 3956; x_wconf 81' lang='lat' dir='ltr'>auis</span> <span class='ocrx_word' id='word_1_237' title='bbox 455 3901 569 3955; x_wconf 77' lang='lat' dir='ltr'>hbohete</span> <span class='ocrx_word' id='word_1_238' title='bbox 583 3905 764 3971; x_wconf 80' lang='lat' dir='ltr'>gesteigerten</span> <span class='ocrx_word' id='word_1_239' title='bbox 774 3902 1015 3956; x_wconf 78' lang='lat' dir='ltr'>Ausdruolrsweiee</span> <span class='ocrx_word' id='word_1_240' title='bbox 1029 3905 1095 3956; x_wconf 85' lang='lat' dir='ltr'>elles</span> <span class='ocrx_word' id='word_1_241' title='bbox 1105 3904 1230 3958; x_wconf 77' lang='lat' dir='ltr'>wbrtlich</span> <span class='ocrx_word' id='word_1_242' title='bbox 1239 3923 1271 3957; x_wconf 83' lang='lat' dir='ltr'>zu</span> <span class='ocrx_word' id='word_1_243' title='bbox 1281 3905 1406 3958; x_wconf 91' lang='lat' dir='ltr'>nehmen.</span> 
     </span>
    </p>

    <p class='ocr_par' dir='ltr' id='par_1_9' title="bbox 234 3989 1411 4154">
     <span class='ocr_line' id='line_1_31' title="bbox 328 3989 1411 4067; baseline 0.006 -24"><span class='ocrx_word' id='word_1_244' title='bbox 328 3993 338 4023; x_wconf 78' lang='lat'><strong>²</strong></span> <span class='ocrx_word' id='word_1_245' title='bbox 357 3990 504 4062; x_wconf 87' lang='lat' dir='ltr'>[Ps.·Dem.</span> <span class='ocrx_word' id='word_1_246' title='bbox 516 3989 566 4043; x_wconf 84' lang='lat' dir='ltr'>LX</span> <span class='ocrx_word' id='word_1_247' title='bbox 580 3991 626 4044; x_wconf 69' lang='lat'>32:</span> <span class='ocrx_word' id='word_1_248' title='bbox 647 3995 672 4046; x_wconf 83' lang='grc' dir='ltr'>ολ</span> <span class='ocrx_word' id='word_1_249' title='bbox 691 3991 718 4047; x_wconf 75' lang='grc' dir='ltr'>δ’</span> <span class='ocrx_word' id='word_1_250' title='bbox 733 3992 895 4066; x_wconf 69' lang='grc' dir='ltr'><em>εὐδαίμονες</em></span> <span class='ocrx_word' id='word_1_251' title='bbox 914 3993 950 4064; x_wconf 79' lang='grc' dir='ltr'>τῷ</span> <span class='ocrx_word' id='word_1_252' title='bbox 968 3994 1063 4067; x_wconf 81' lang='grc' dir='ltr'><em>δικαίῳ</em></span> <span class='ocrx_word' id='word_1_253' title='bbox 1081 3996 1209 4067; x_wconf 75' lang='grc' dir='ltr'><em>λογισμῷ.</em></span> <span class='ocrx_word' id='word_1_254' title='bbox 1235 3993 1281 4046; x_wconf 80' lang='lat'>33:</span> <span class='ocrx_word' id='word_1_255' title='bbox 1301 4001 1352 4055; x_wconf 82' lang='grc' dir='ltr'>πῶς</span> <span class='ocrx_word' id='word_1_256' title='bbox 1376 3996 1411 4049; x_wconf 80' lang='lat' dir='ltr'>ou&#39;</span> 
     </span>
     <span class='ocr_line' id='line_1_32' title="bbox 234 4077 803 4154; baseline 0.002 -20"><span class='ocrx_word' id='word_1_257' title='bbox 234 4078 286 4153; x_wconf 80' lang='grc' dir='ltr'>χρὴ</span> <span class='ocrx_word' id='word_1_258' title='bbox 307 4077 419 4140; x_wconf 70' lang='grc' dir='ltr'><em>τούτους</em></span> <span class='ocrx_word' id='word_1_259' title='bbox 440 4080 606 4154; x_wconf 69' lang='grc' dir='ltr'><em>εὐδαίμονας</em></span> <span class='ocrx_word' id='word_1_260' title='bbox 624 4080 803 4154; x_wconf 73' lang='grc' dir='ltr'><em>νομίζεσθαι]</em></span> 
     </span>
    </p>

    <p class='ocr_par' dir='ltr' id='par_1_10' title="bbox 233 4166 1409 4420">
     <span class='ocr_line' id='line_1_33' title="bbox 327 4166 1406 4242; baseline 0.004 -21"><span class='ocrx_word' id='word_1_261' title='bbox 327 4166 438 4222; x_wconf 76' lang='lat' dir='ltr'>&#39;Cuius</span> <span class='ocrx_word' id='word_1_262' title='bbox 462 4170 515 4220; x_wconf 89' lang='lat' dir='ltr'>loci</span> <span class='ocrx_word' id='word_1_263' title='bbox 539 4173 674 4221; x_wconf 80' lang='lat' dir='ltr'>structura</span> <span class='ocrx_word' id='word_1_264' title='bbox 697 4169 835 4222; x_wconf 83' lang='lat' dir='ltr'>simillime</span> <span class='ocrx_word' id='word_1_265' title='bbox 858 4171 899 4221; x_wconf 84' lang='lat' dir='ltr'>eet</span> <span class='ocrx_word' id='word_1_266' title='bbox 921 4169 961 4222; x_wconf 90' lang='lat' dir='ltr'>illi</span> <span class='ocrx_word' id='word_1_267' title='bbox 983 4174 1092 4222; x_wconf 85' lang='lat' dir='ltr'>nostrae</span> <span class='ocrx_word' id='word_1_268' title='bbox 1112 4171 1241 4224; x_wconf 76' lang='lat' dir='ltr'>orationis</span> <span class='ocrx_word' id='word_1_269' title='bbox 1261 4173 1323 4224; x_wconf 89' lang='lat' dir='ltr'>loco</span> <span class='ocrx_word' id='word_1_270' title='bbox 1342 4173 1358 4242; x_wconf 84' lang='lat'>§</span> <span class='ocrx_word' id='word_1_271' title='bbox 1378 4173 1406 4225; x_wconf 89' lang='lat'>5:</span> 
     </span>
     <span class='ocr_line' id='line_1_34' title="bbox 237 4258 1409 4331; baseline 0.003 -20"><span class='ocrx_word' id='word_1_272' title='bbox 237 4262 284 4312; x_wconf 79' lang='grc' dir='ltr'><em>κατ’</em></span> <span class='ocrx_word' id='word_1_273' title='bbox 309 4259 443 4328; x_wconf 78' lang='grc' dir='ltr'><em>γενέσεως</em></span> <span class='ocrx_word' id='word_1_274' title='bbox 467 4260 515 4311; x_wconf 82' lang='grc' dir='ltr'><em>καὶ</em></span> <span class='ocrx_word' id='word_1_275' title='bbox 541 4264 641 4330; x_wconf 78' lang='grc' dir='ltr'><em>τροφῆς</em></span> <span class='ocrx_word' id='word_1_276' title='bbox 666 4260 712 4312; x_wconf 85' lang='grc' dir='ltr'><strong><em>καί</em></strong></span> <span class='ocrx_word' id='word_1_277' title='bbox 737 4264 848 4331; x_wconf 85' lang='grc' dir='ltr'><em>καρπῶν</em></span> <span class='ocrx_word' id='word_1_278' title='bbox 874 4261 920 4312; x_wconf 84' lang='grc' dir='ltr'><em>καὶ</em></span> <span class='ocrx_word' id='word_1_279' title='bbox 946 4265 999 4312; x_wconf 84' lang='grc' dir='ltr'><em>τῶν</em></span> <span class='ocrx_word' id='word_1_280' title='bbox 1023 4258 1110 4313; x_wconf 75' lang='grc' dir='ltr'><em>ἄλλων</em></span> <span class='ocrx_word' id='word_1_281' title='bbox 1136 4261 1189 4314; x_wconf 82' lang='grc' dir='ltr'><em>τῶν</em></span> <span class='ocrx_word' id='word_1_282' title='bbox 1216 4260 1255 4321; x_wconf 82' lang='grc' dir='ltr'>εἰς</span> <span class='ocrx_word' id='word_1_283' title='bbox 1278 4259 1326 4315; x_wconf 84' lang='grc' dir='ltr'><em>τὸν</em></span> <span class='ocrx_word' id='word_1_284' title='bbox 1348 4265 1409 4330; x_wconf 78' lang='grc' dir='ltr'><em>βίον</em></span> 
     </span>
     <span class='ocr_line' id='line_1_35' title="bbox 233 4351 382 4420; baseline -0.007 -20"><span class='ocrx_word' id='word_1_285' title='bbox 233 4351 382 4420; x_wconf 82' lang='grc' dir='ltr'><em>χρησίμων.</em></span> 
     </span>
    </p>

    <p class='ocr_par' dir='ltr' id='par_1_11' title="bbox 237 4432 1408 4600">
     <span class='ocr_line' id='line_1_36' title="bbox 325 4432 1408 4511; baseline 0.006 -24"><span class='ocrx_word' id='word_1_286' title='bbox 325 4433 513 4506; x_wconf 76' lang='lat' dir='ltr'>⁴[Pe.·Den1.</span> <span class='ocrx_word' id='word_1_287' title='bbox 532 4434 584 4488; x_wconf 82' lang='lat' dir='ltr'>LX</span> <span class='ocrx_word' id='word_1_288' title='bbox 602 4435 649 4488; x_wconf 79' lang='lat'>33:</span> <span class='ocrx_word' id='word_1_289' title='bbox 679 4436 773 4490; x_wconf 76' lang='grc' dir='ltr'><em>ἔπειτα</em></span> <span class='ocrx_word' id='word_1_290' title='bbox 792 4432 878 4490; x_wconf 86' lang='grc' dir='ltr'><em>νόσων</em></span> <span class='ocrx_word' id='word_1_291' title='bbox 904 4436 1024 4497; x_wconf 72' lang='grc' dir='ltr'><em>ἀπαθεῖς</em></span> <span class='ocrx_word' id='word_1_292' title='bbox 1050 4434 1081 4492; x_wconf 81' lang='grc' dir='ltr'>τὰ</span> <span class='ocrx_word' id='word_1_293' title='bbox 1108 4433 1218 4511; x_wconf 84' lang='grc' dir='ltr'><em>σώματα</em></span> <span class='ocrx_word' id='word_1_294' title='bbox 1244 4441 1290 4492; x_wconf 85' lang='grc' dir='ltr'><em>καὶ</em></span> <span class='ocrx_word' id='word_1_295' title='bbox 1315 4441 1408 4493; x_wconf 80' lang='grc' dir='ltr'><em>λυπῶν</em></span> 
     </span>
     <span class='ocr_line' id='line_1_37' title="bbox 237 4521 1234 4600; baseline 0.003 -22"><span class='ocrx_word' id='word_1_296' title='bbox 237 4523 346 4596; x_wconf 77' lang='grc' dir='ltr'><em>ἄπειροι</em></span> <span class='ocrx_word' id='word_1_297' title='bbox 365 4521 412 4585; x_wconf 80' lang='grc' dir='ltr'>τὰς</span> <span class='ocrx_word' id='word_1_298' title='bbox 430 4521 528 4596; x_wconf 75' lang='grc' dir='ltr'><em>ψυχάς,</em></span> <span class='ocrx_word' id='word_1_299' title='bbox 548 4523 581 4586; x_wconf 73' lang='grc' dir='ltr'>ἃς</span> <span class='ocrx_word' id='word_1_300' title='bbox 599 4523 643 4579; x_wconf 80' lang='lat' dir='ltr'>e’nl</span> <span class='ocrx_word' id='word_1_301' title='bbox 662 4533 717 4586; x_wconf 84' lang='grc' dir='ltr'><em>τοῖς</em></span> <span class='ocrx_word' id='word_1_302' title='bbox 736 4522 931 4596; x_wconf 76' lang='grc' dir='ltr'><em>συμβεβηκόσιν</em></span> <span class='ocrx_word' id='word_1_303' title='bbox 950 4528 975 4579; x_wconf 81' lang='grc' dir='ltr'>οἱ</span> <span class='ocrx_word' id='word_1_304' title='bbox 994 4531 1090 4590; x_wconf 84' lang='grc' dir='ltr'><em>ζῶντες</em></span> <span class='ocrx_word' id='word_1_305' title='bbox 1109 4526 1234 4600; x_wconf 66' lang='grc' dir='ltr'><em>ἔχουσιν]</em></span> 
     </span>
    </p>

    <p class='ocr_par' dir='ltr' id='par_1_12' title="bbox 290 4629 1229 4685">
     <span class='ocr_line' id='line_1_38' title="bbox 290 4629 1229 4685; baseline 0.013 -12"><span class='ocrx_word' id='word_1_306' title='bbox 290 4629 385 4674; x_wconf 76' lang='lat' dir='ltr'>Schlau.</span> <span class='ocrx_word' id='word_1_307' title='bbox 1211 4635 1229 4685; x_wconf 81' lang='lat'>4</span> 
     </span>
    </p>
   </div>
   <div class='ocr_carea' id='block_1_8' title="bbox 0 0 1766 5436">
    <p class='ocr_par' dir='ltr' id='par_1_13' title="bbox 0 0 1766 5436">
     <span class='ocr_line' id='line_1_39' title="bbox 0 0 1766 5436; baseline 0 2"><span class='ocrx_word' id='word_1_308' title='bbox 0 0 1766 5436; x_wconf 95' lang='lat' dir='ltr'> </span> 
     </span>
    </p>
   </div>
  </div>
 </body>
</html>
