3522 5436
833 582 1052 677 -50-

357 792 493 854 numinis
519 790 616 854 divini
640 788 880 854 benevolentiae
904 791 1077 873 partioipes
1102 799 1183 872 sunt,
1208 810 1278 854 eum
1299 789 1531 874 prohibuerint,

357 918 396 961 ne
420 898 524 961 nultus
548 896 680 961 deorum
705 897 954 979 neglegerentur.

445 1003 554 1078 Etiam
585 1005 616 1067 in
651 1003 712 1067 huo
744 1013 835 1087 parte
869 1014 943 1068 suut
973 1005 1150 1068 sententiae
1180 1002 1220 1066 ab
1249 1004 1319 1067 aliis
1348 1001 1530 1066 oratoribus

356 1131 483 1194 quoque
500 1111 624 1192 allatae,
642 1108 698 1174 sed
715 1119 820 1174 tamen
837 1111 1015 1175 consolatio
1028 1112 1157 1174 minime
1170 1109 1420 1193 proprietatibus
1433 1117 1530 1190 earet,

357 1238 429 1280 uam
447 1228 556 1280 orator
571 1219 640 1300 ipse
656 1215 769 1280 dolens
785 1219 916 1299 exponit
932 1238 966 1281 se
981 1217 1167 1300 intellegere
1186 1216 1306 1280 luotum
1323 1217 1527 1299 superstitum

355 1325 577 1406 gravissimum
601 1332 632 1386 et
653 1333 823 1406 propterea
845 1345 907 1388 non
925 1326 1054 1389 omnino
1072 1323 1336 1406 exstinguendum
1354 1343 1432 1401 esse,
1456 1342 1528 1385 oum

355 1431 510 1512 cuiusque
545 1439 659 1494 natura
690 1432 856 1514 pietasque
889 1452 963 1514 erga
996 1430 1183 1495 defunotum
1215 1431 1369 1494 maeroris
1398 1428 1528 1493 modum

355 1535 463 1600 laniat.
502 1536 629 1600 Deinde
653 1536 695 1600 ad
718 1538 822 1602 luctus
847 1558 959 1602 oausas
983 1536 1170 1602 refutandas
1187 1536 1321 1618 aceedit,
1345 1545 1529 1619 perseverat

355 1651 422 1705 tam
447 1645 572 1726 egregie
596 1653 738 1709 mortuos
764 1644 842 1708 nihil
858 1645 932 1709 mali
949 1665 1118 1728 perpessos
1135 1666 1214 1725 esse,
1239 1643 1354 1708 audaoi
1370 1643 1528 1706 sententia

355 1748 480 1830 profert
506 1749 617 1814 laudes
646 1750 871 1815 defunetorum
898 1753 1094 1816 immortales
1128 1751 1245 1816 liberos
1278 1771 1357 1831 esse,
1390 1748 1527 1831 donique

355 1864 491 1920 mortem
527 1878 727 1940 nequaquam
762 1857 883 1940 aliquid
919 1858 1048 1922 dolendi
1084 1880 1154 1923 esse
1189 1859 1350 1922 existimat
1384 1855 1527 1938 iaoitque

354 1964 550 2027 mentionem
574 1963 613 2027 de
638 1964 775 2047 quadam
802 1967 939 2030 numinis
964 1964 1062 2029 divini
1086 1986 1161 2047 erga
1185 1967 1318 2046 nonime,
1342 1961 1457 2046 quide
1478 1960 1526 2024 dis

356 2069 498 2133 colendis
516 2073 635 2153 optime
651 2073 832 2151 meruerint,
856 2071 1080 2136 benevolentia
1096 2093 1245 2154 auraque.
1282 2071 1436 2134 Innititur
1452 2089 1527 2132 oon-

356 2175 471 2240 solatio
488 2179 660 2260 praecipue
675 2180 782 2260 priore
797 2187 897 2261 parte,
916 2179 1124 2244 beatitudinis
1144 2179 1397 2262 praedicatiou03
1422 2176 1526 2257 gravis

355 2281 419 2346 diei
444 2305 506 2348 non
531 2292 649 2367 potest,
678 2287 739 2348 nisi
766 2306 824 2369 per
846 2287 978 2350 ultimae
1000 2285 1125 2369 periodi
1149 2288 1349 2350 sententiam.
1395 2281 1528 2365 Frigida

356 2399 429 2453 sunt
452 2390 558 2472 verba,
582 2391 696 2474 quibus
719 2393 882 2474 profertur
899 2394 1033 2475 gloriam
1051 2393 1276 2457 defunctorum
1290 2391 1440 2456 idoneam
1458 2409 1527 2453 osse

355 2494 397 2558 ad
425 2518 603 2562 maerorem
633 2501 839 2581 superstitum
865 2499 1102 2583 reprimendum
1131 2498 1306 2581 laudesque
1330 2497 1526 2561 immortales

356 2613 553 2667 mortuorum
575 2604 694 2670 liberos
719 2627 796 2670 esse.
835 2605 1013 2689 Aliquanto
1032 2609 1180 2689 graviora
1196 2604 1349 2670 habemus
1365 2606 1398 2667 in
1414 2604 1527 2667 ultimo

353 2709 426 2791 fine,
450 2709 490 2774 de
514 2732 578 2793 quo
602 2714 673 2775 looo
698 2711 774 2776 mihi
797 2713 882 2776 inira
905 2715 1041 2797 amplius
1063 2712 1220 2796 agendum
1245 2713 1313 2778 erit.

834 2913 1047 2920 ————

762 3051 834 3134 Vl.
862 3051 931 3135 De
958 3057 1118 3135 morte.

443 3210 531 3274 Mors
559 3212 629 3293 ipsa
658 3209 831 3274 seeundum
859 3211 1022 3292 vulgarem
1052 3213 1271 3292 sententiam¹‚
1302 3220 1455 3293 quantum
1483 3209 1527 3272 ad

354 3338 464 3380 omnes
492 3316 636 3380 homines
664 3319 836 3399 pertineat,
864 3315 985 3399 aliquid
1013 3319 1150 3380 luotuosi
1175 3319 1271 3380 etiam
1295 3316 1335 3381 ab
1360 3316 1528 3400 Hyperide

354 3425 555 3486 existimatur
578 3445 647 3487 esse
673 3425 691 3505 ᾗ
714 3427 769 3487 28:
796 3421 827 3511 [d
850 3421 932 3510 τοῖ]ς
955 3425 1060 3496 ἄλλοις
1083 3427 1131 3490 ὧν
1154 3425 1356 3506 ἀνιαρότατος
1379 3425 1527 3493 θάνατος.

354 3527 561 3612 Lyo.'Leoor.
579 3535 633 3593 60:
657 3532 866 3614 rederariorum
888 3533 922 3596 δὲ
942 3533 1154 3615 συνανῄρηται
1176 3532 1278 3595 πάντα
1295 3529 1334 3594 δι’
1351 3529 1399 3594 ὦν
1423 3533 1461 3594 ἄν
1484 3553 1528 3600 τις

353 3637 616 3720 εὐδαιμονήσειεν.
658 3635 721 3702 Sed
742 3636 926 3720 Hyperides
950 3638 1024 3702 huie
1048 3639 1225 3702 sententiae
1250 3637 1346 3702 rerba
1370 3636 1526 3700 adnectit:

352 3743 474 3814 ταύταις
503 3744 642 3826 ἀρχηγὸς
668 3746 817 3826 μεγάλων
845 3747 981 3827 ἀγαθῶν
1009 3748 1125 3828 γέγονε.
1172 3741 1246 3827 Qua
1278 3742 1318 3808 de
1352 3765 1449 3807 eausa
1480 3745 1527 3805 ita

355 3847 498 3912 iudioat?
531 3847 616 3932 Quia
632 3849 775 3914 deiunoti
791 3853 888 3915 vitam
905 3873 995 3916 suam
1011 3852 1106 3916 saluti
1122 3855 1169 3919 rei
1185 3851 1333 3935 publioae
1349 3861 1381 3915 et
1397 3851 1525 3933 propin-

354 3976 491 4038 quorum
515 3965 547 4020 et
570 3959 737 4020 universae
762 3956 898 4040 denique
915 3955 1073 4023 Graeciae
1094 3958 1252 4022 dederunt
1271 3967 1303 4021 et
1321 3977 1371 4021 res
1387 3959 1525 4020 maiores

353 4083 452 4144 quam
475 4064 572 4126 vitam
602 4084 691 4127 suam
720 4074 933 4148 serraverunt,
962 4086 1025 4148 quo
1053 4064 1149 4130 modo
1177 4064 1222 4146 fit,
1250 4075 1285 4128 ut
1309 4084 1395 4128 mors
1419 4065 1525 4144 magni

355 4170 450 4251 pretii
474 4171 522 4250 sit,
547 4170 622 4256 of.§
643 4175 696 4234 16:
726 4173 757 4235 ol
783 4172 836 4242 τὰς
859 4174 980 4236 ἑαυτῶν
1003 4173 1110 4255 ψυχὰς
1133 4173 1260 4236 ἔδωκαν
1283 4172 1362 4254 ὑπὲρ
1385 4179 1439 4254 τῆς
1461 4176 1525 4234 τῶν

348 4275 512 4359 Ἑλλήνων
544 4278 731 4360 ἐλευθερίας.
770 4279 788 4360 ᾗ
813 4281 868 4343 24:
903 4279 953 4343 ded
984 4279 1040 4362 τὴν
1072 4280 1154 4343 ἰδίαν
1186 4280 1297 4362 ἀρετὴν
1329 4279 1385 4362 τὴν
1415 4277 1525 4361 κοινὴν

428 4455 438 4486 ²
457 4453 491 4505 ol.
506 4452 596 4506 Mense
615 4455 633 4507 l.
647 4471 669 4507 e.
688 4471 715 4522 p.
729 4454 826 4522 810sq.
846 4485 879 4495 -
899 4455 1084 4522 Nigelrbaoh:
1104 4453 1354 4508 Naohhomerisohe
1373 4453 1525 4524 Theologie

354 4558 401 4610 pp.
415 4541 521 4610 396sq.‚
533 4543 645 4610 417sqq.
