3522 5436
713 594 935 654 „37-

328 763 473 848 Sequens
518 787 590 830 eum
631 769 707 831 uiris
746 766 903 831 bellorum
941 766 1143 832 Persicorum
1181 766 1409 833 excellentibus

237 875 465 956 compotati01,
494 893 574 955 quos
610 893 647 937 eo
682 894 848 956 superasse
879 872 995 937 dicitur
1017 873 1056 959 ἐξ
1082 878 1221 955 37-38,
1254 873 1341 957 qnod
1364 875 1409 939 illi

237 979 363 1044 hostem
401 981 434 1042 in
472 982 542 1062 ipsa
574 980 688 1043 Attica
725 981 872 1061 vicerint,
905 979 957 1043 hic
991 991 1097 1044 autem
1129 982 1249 1045 intrare
1283 1001 1410 1064 quoqne

236 1085 445 1169 prohibuerit,
470 1088 572 1150 solnm
597 1085 813 1150 Leosthenem
837 1087 965 1170 tangitl.

326 1193 475 1276 Denique
504 1195 608 1275 pergit
635 1214 674 1256 ne
703 1193 919 1258 Harmodium
947 1204 979 1257 et
1002 1193 1256 1276 Aristogitonem
1279 1192 1407 1276 quidem

236 1320 287 1364 res
321 1302 458 1364 maiores
492 1321 587 1382 quam
622 1321 724 1383 nuper
756 1299 926 1364 defunctos
960 1299 1103 1364 effecisse
1132 1301 1298 1382 nullosque
1324 1300 1409 1384 apud

236 1406 357 1470 inferos
381 1405 558 1471 Leostheni
582 1409 714 1488 eiusque
737 1405 892 1471 militibus
917 1407 1104 1491 (Λεωσθένη
1128 1407 1182 1471 καί
1205 1406 1277 1478 τοὺς
1300 1409 1410 1489 ἐκείνῳ

237 1513 567 1598 συναγωνισαμένους)
611 1515 846 1577 coniunctiores
885 1513 1011 1578 futuros
1050 1534 1146 1596 quam
1184 1513 1409 1597 tyrannooidas

235 1618 416 1702 putandum
445 1639 524 1701 esse,
558 1640 630 1684 eum
662 1620 709 1683 illi
737 1621 823 1684 solas
847 1620 1004 1700 Athenas,
1038 1619 1071 1683 hi
1100 1629 1206 1685 autem
1231 1622 1409 1684 universam

238 1722 410 1790 Graeciam
442 1725 611 1809 tyrannide
644 1724 858 1793 liberaverint.
906 1724 1036 1810 Quanta
1068 1727 1138 1789 laus
1170 1728 1202 1789 in
1236 1726 1296 1789 hac
1325 1747 1410 1790 com·

237 1834 404 1914 paratione
441 1833 659 1915 concludatur,
693 1835 812 1915 optime
844 1833 1065 1915 intelligemus,
1104 1835 1130 1896 si
1162 1831 1409 1914 recordabimur,

236 1951 359 2021 quanta
401 1941 522 2023 pietate
567 1939 847 2023 tyrannocidamm
886 1940 1040 2004 memoria
1079 1938 1119 2002 ab
1158 1938 1410 2004 Atheniensibus

238 2047 324 2109 culta
340 2047 389 2112 sit.
422 2046 474 2110 Ita
489 2045 652 2129 Leptines,
672 2046 712 2112 cf.
724 2045 891 2112 Demosth.
907 2044 989 2127 XX,
1006 2048 1139 2128 rogavit,
1156 2055 1191 2108 ut
1206 2046 1411 2109 interdiceret

237 2154 382 2236 populus,
417 2173 455 2216 ne
489 2154 544 2234 qui
577 2154 654 2217 ciris
688 2173 707 2215 a
739 2151 923 2217 muneribus
956 2155 1002 2216 rei
1033 2151 1180 2235 publicae
1210 2152 1409 2235 praestandis

236 2259 433 2339 liberaretur,
451 2260 591 2324 solorum
608 2268 714 2323 autem
730 2258 903 2324 Harmodii
920 2267 953 2323 et
961 2258 1192 2341 Aristogitonis
1208 2270 1408 2341 posterorum

237 2369 374 2431 honores
399 2387 418 2430 a
440 2366 560 2449 populo
585 2363 678 2429 datos
702 2368 791 2448 tangi
815 2365 905 2429 nefas
929 2387 999 2430 esse
1024 2365 1182 2430 censebat.
1222 2364 1273 2429 De
1295 2364 1409 2447 quibus

236 2471 412 2538 honoribus
436 2471 654 2556 tyrannooidis
677 2471 832 2556 praebitis
855 2472 1055 2555 frequentius
1081 2475 1146 2554 agit
1167 2471 1409 2552 Demosthenes,

236 2581 277 2646 cf.
303 2579 395 2644 XIX
413 2584 486 2660 280,
514 2578 587 2643 XX
606 2583 655 2660 70,
685 2578 866 2660 XX1170,
896 2589 928 2642 et
955 2580 1024 2662 ipse
1047 2578 1239 2662 Hyperides,
1264 2579 1304 2642 oi.
1321 2577 1358 2641 ll
1376 2583 1408 2642 3:

235 2688 377 2770 ἐννόμῳ
393 2687 521 2769 γράψας
536 2687 554 2749 ὁ
571 2687 673 2769 δῆμος
689 2687 798 2750 ἀντεῖπε
814 2689 891 2770 μήτε
906 2688 1004 2768 λέγειν
1019 2688 1130 2760 ἐξεῖναι
1148 2683 1280 2772 [μηδενὶ]
1298 2691 1409 2756 κακῶς

231 2795 403 2877 Ἁρμόδιον
424 2794 478 2857 καί
497 2793 748 2875 Ἀριστογείτονα,
772 2792 843 2875 μήτ’
869 2790 957 2880 ᾇσα[ι
980 2791 1043 2879 ί]πί
1065 2793 1101 2856 τὰ
1124 2795 1266 2857 κακίονα.

326 2906 450 2990 Quibus
475 2907 768 2989 comparationibus
791 2911 837 2972 ita
860 2910 1008 2992 peractis,
1033 2917 1068 2972 ut
1091 2907 1244 2971 laudandi
1262 2906 1408 2971 omnibus

236 3014 419 3079 hominibus
449 3017 550 3097 gloria
582 3014 824 3095 antecellerent,
857 3017 958 3096 magis
992 3025 1101 3077 orator
1133 3013 1259 3077 laudem
1293 3034 1408 3095 angere

236 3125 300 3186 iam
327 3143 387 3187 non
411 3124 525 3204 potuit.
565 3121 820 3201 Exclamatione,
837 3142 900 3204 qua
916 3120 1098 3204 Hyperides
1115 3123 1286 3184 maximam
1303 3142 1409 3184 rerum

236 3250 256 3292 a
271 3228 431 3293 defunctis
441 3239 602 3309 gestarum
615 3226 858 3291 admirationem
871 3227 976 3303 edicit,
992 3226 1032 3290 ad
1044 3238 1229 3310 sequentem
1239 3237 1363 3310 partem
1373 3266 1408 3274 -

237 3335 493 3399 adhortationem
523 3336 737 3398 existimo-
764 3345 980 3415 transgressus
1010 3354 1079 3396 esse
1108 3331 1243 3396 videtur.
1289 3333 1409 3415 Figura

236 3442 317 3506 haec
350 3441 591 3506 exclamationis
623 3442 656 3504 in
690 3443 804 3504 ceteris
837 3440 1007 3523 epitaphiis
1037 3461 1099 3504 non
1123 3442 1282 3504 invenitur
1306 3460 1408 3522 neque

236 3551 366 3613 omnino
391 3570 410 3610 a
433 3547 592 3631 prioribus
618 3547 798 3612 oratoribus
823 3547 1020 3611 adhibetur⁸.

327 3662 362 3729 Si
396 3664 480 3728 hanc
511 3663 730 3728 laudationem
763 3684 836 3726 cum
860 3665 974 3727 ceteris
999 3662 1197 3726 orationibus
1221 3659 1407 3726 funebribus

236 3791 473 3853 comparamus,
511 3779 597 3834 certe
630 3771 767 3852 primum
800 3790 915 3834 nomen
949 3771 1042 3832 unius
1075 3771 1153 3833 civis
1186 3769 1318 3833 allatum
1350 3789 1407 3832 nos

237 3877 385 3955 offendit3
420 3875 546 3959 deinde,
580 3879 606 3941 si
629 3879 761 3960 propius
785 3875 977 3958 accedimus,
1006 3875 1287 3939 animadvertimus
1312 3877 1407 3938 etiam

327 4073 337 4105 ¹
355 4070 556 4124 Demosthenes
574 4070 630 4124 XX
641 4072 675 4123 74
693 4069 814 4123 (lenonis
834 4087 895 4122 cnm
908 4069 1098 4122 Themistoclis
1117 4069 1197 4122 iactis
1217 4073 1364 4135 comparat.

327 4158 503 4230 ²[Ps.·Dem.
524 4158 576 4212 LX
588 4161 635 4211 20:
659 4164 759 4232 νομίζω
778 4163 871 4213 τοίνυν
891 4162 1006 4213 καὶτοῦ
1025 4164 1071 4230 τῆς
1084 4156 1176 4230 χώρας
1198 4155 1276 4230 ἡμῶν
1293 4154 1332 4231 μὴ
1353 4157 1407 4211 ἑπι-

234 4256 315 4321 pyras
335 4247 397 4309 τοὺς
414 4252 570 4322 πολεμίους,
588 4246 656 4322 πρὸς
674 4251 707 4323 τῇ
725 4254 778 4302 τῶν
795 4246 927 4302 ἐναντίων
940 4244 1121 4322 ἀγνωμοσύνῃ
1132 4243 1180 4317 τὴν
1194 4244 1295 4301 τούτων
1309 4243 1407 4317 specle

235 4339 329 4392 αἰτίαν
347 4343 527 4409 γεγενῆσθαι.

326 4428 336 4460 ³
356 4426 390 4480 cl.
402 4424 515 4478 Simon
528 4425 667 4492 Kayser:
686 4424 762 4477 L’srt
776 4426 903 4490 oratoire,
921 4426 946 4476 le
961 4427 1029 4491 style
1042 4428 1070 4476 et
1083 4425 1108 4476 la
1119 4424 1218 4490 langue
1228 4421 1407 4490 &Hyperide

235 4515 329 4568 lllnsee
350 4515 436 4582 Belga
454 4513 485 4567 II
497 4515 565 4566 1898
576 4531 603 4581 p.
613 4515 673 4565 229.
