3522 5436
767 536 989 596 ..51-

292 713 474 793 ἐλευθερίαν
496 719 560 782 τοῖς
576 711 720 795 Ἕλλησιν
743 713 948 795 ἐβεβαίωσαν.
982 713 1076 792 §262
1100 709 1135 774 τὸ
1159 711 1217 793 ζήν
1236 710 1404 793 ἀνήλωσαν
1423 713 1467 782 εἰς

291 820 326 884 τὸ
353 819 427 890 τσὺς
453 820 567 890 ἄλλους
594 821 702 890 καλῶς
730 821 796 902 ζῆν.
837 816 928 901 §272
956 817 1029 887 τοὺς
1052 819 1155 888 οὕτως
1177 817 1257 899 ὑπὲρ
1280 818 1389 882 καλῶν
1411 817 1466 882 τὸν

291 928 361 1008 βίον
384 926 573 996 ἐκλιπόντας.

384 1031 508 1099 Deinde
543 1033 615 1095 talis
648 1052 734 1095 mors
768 1030 888 1113 aliquid
921 1028 998 1094 boni
1032 1039 1092 1111 est,
1130 1050 1202 1093 eum
1239 1031 1318 1113 ipsis
1351 1033 1464 1095 ooeisis

293 1148 456 1203 aeternam
479 1138 598 1202 famam
623 1137 785 1221 praebeat,
811 1138 850 1202 ef.
870 1140 888 1220 ξ
906 1142 963 1201 24:
987 1139 1107 1220 θνητοῦ
1132 1139 1281 1220 σώματος
1303 1139 1466 1203 ἀθάνατον
1526 1221 1528 1224 ¹

293 1248 390 1320 δόξαν
407 1247 585 1328 ἐκτήσαντο.
617 1243 705 1330 532:
722 1247 836 1328 ..βίον
853 1244 926 1308 ἀνθ’
941 1243 980 1308 οὗ
995 1245 1051 1327 τὴν
1068 1244 1181 1326 ἀρετήν
1196 1245 1466 1311 καταλελοίπασιν.

293 1353 311 1438 §
329 1357 385 1416 41:
411 1401 418 1415 .
436 1401 442 1416 .
459 1403 465 1418 .
481 1354 687 1436 μεμνῆσθαι.
705 1403 711 1417 .
728 1403 735 1416 .
754 1352 808 1415 καὶ
823 1358 877 1434 τῆς
892 1352 1004 1434 ἀρετῆς
1020 1349 1057 1433 ἧς
1072 1352 1338 1416 καταλελοίπασιν.
1373 1351 1466 1437 §421

292 1462 438 1533 εὐδοξίαν
466 1461 624 1543 ἀγήρατον
652 1459 823 1542 εἰλήφασιν.
871 1457 950 1523 (lum
979 1457 1057 1520 haee
1084 1459 1129 1521 ita
1153 1459 1229 1539 sint,
1259 1468 1367 1521 orator
1390 1479 1466 1523 oon·

293 1565 421 1629 eludere
449 1573 570 1648 potest:
600 1567 639 1630 οὐ
663 1566 723 1647 γὰρ
747 1566 882 1648 θρήνων
905 1567 978 1637 aaa
999 1564 1212 1638 πεπόνθασιν,
1236 1565 1302 1628 ἀλλ’
1327 1566 1467 1630 ἐπαίνων

291 1675 440 1756 μεγάλων
467 1675 689 1756 πεποιήκασιν,
718 1675 738 1738 i.
755 1694 782 1736 e.
806 1681 908 1735 morte
937 1692 1046 1735 eorum
1073 1672 1146 1754 plus
1170 1670 1246 1735 boni
1271 1693 1365 1754 quam
1389 1675 1479 1736 mali*

293 1779 441 1844 effaetum
471 1788 528 1844 est.
576 1778 749 1842 Aooedunt
778 1799 905 1861 qnoque
938 1787 1064 1842 eeterae
1092 1777 1301 1842 beatitudinis
1334 1799 1465 1844 causae:

269 1931 272 1938 -
292 1885 448 1950 beneficia
472 1907 547 1968 erga
571 1887 768 1969 superstites,
792 1886 944 1964 honores3
968 1888 1078 1967 itaque
1096 1886 1193 1949 talem
1217 1895 1353 1949 mortem
1376 1885 1466 1951 obire

293 1992 414 2078 aliquid
438 1993 652 2057 aemulatione
677 1991 763 2074 digni
788 2000 850 2073 est,
874 1991 915 2055 oi.
936 1994 954 2074 ᾖ
976 1996 1031 2056 32:
1060 1994 1162 2056 ἔπειτα
1186 1993 1225 2056 οὔ
1247 1992 1302 2057 τὸν
1325 1995 1466 2058 θάνατον

293 2102 490 2183 ζηλώσουσιν
514 2101 620 2164 αὐτῶν
645 2099 701 2181 (so.
725 2101 756 2163 σί
777 2100 947 2183 νεώτεροι).

382 2206 578 2290 Hyperides,
612 2227 683 2269 oum
712 2205 792 2269 haee
821 2207 964 2289 exponit,
996 2203 1077 2269 bene
1107 2205 1265 2288 intellegit
1294 2208 1465 2270 maximam

291 2317 449 2393 rationem
481 2316 566 2378 inter
598 2313 711 2377 horum
744 2313 879 2376 militum
911 2321 944 2375 et
971 2313 1105 2375 aliorum
1138 2312 1301 2376 hominnm
1330 2323 1464 2378 mortem

292 2419 500 2508 intercedere,
523 2429 655 2501 tantam,
679 2428 715 2482 ut
733 2439 819 2482 mors
840 2440 949 2482 eorum
971 2421 1123 2501 perniciei
1143 2421 1272 2482 omnino
1291 2422 1396 2503 impar
1416 2423 1466 2501 sit,

293 2548 357 2614 qna
370 2527 409 2590 de
423 2548 520 2591 eausa
533 2535 695 2590 asseverat
710 2529 728 2608 ξ
742 2531 783 2590 27
798 2525 967 2589 defunetos
984 2527 1101 2588 milites
1115 2546 1317 2608 nequaquam
1329 2529 1464 2608 perisse:

292 2640 356 2698 τῶν
380 2636 439 2698 οὐκ
464 2635 678 2698 ἀπολωλότων
781 2635 820 2697 οὐ
844 2633 904 2715 γάρ
928 2633 1059 2715 θεμιτόν
1087 2633 1198 2697 τούτου
1224 2639 1281 2696 τοῦ
1310 2635 1466 2716 ὀνόματος

292 2748 394 2824 τυχεῖν
416 2741 488 2812 τοὺς
516 2742 619 2812 οὕτως
645 2741 725 2824 ὑπὲρ
748 2742 858 2804 καλῶν
879 2740 935 2804 τὸν
962 2742 1033 2823 βίον
1057 2740 1251 2812 ἐκλιπόντας,
1276 2777 1318 2787 -
1343 2740 1400 2804 sed
1424 2740 1465 2804 ad

293 2857 455 2910 aeternam
475 2850 571 2911 vitam
594 2855 810 2928 transgressos
833 2868 917 2910 esse:
942 2848 1020 2911 ἀλλὰ
1044 2853 1108 2910 τῶν
1131 2847 1166 2911 τὸ
1190 2849 1247 2930 ζῆν
1270 2849 1313 2918 εἰς
1336 2849 1466 2912 αἰώνιον

291 2955 377 3027 τάξιν
398 2955 648 3037 μετηλλαχότων.
677 2951 716 3018 of.
733 2951 815 3018 Plat.
833 2953 928 3035 Apol.
945 2957 1025 3016 400:
1052 2954 1140 3018 δυοῖν
1156 2954 1216 3035 γάρ
1232 2954 1369 3035 θάτερόν
1386 2956 1466 3019 ἐστιν

292 3061 326 3124 τὸ
349 3063 498 3125 τεθνάναι
588 3063 607 3143 ή
631 3060 711 3123 κατὰ
735 3060 771 3122 τά
795 3061 949 3142 λεγόμενα
971 3062 1130 3143 μεταβολή
1153 3085 1197 3131 τις
1218 3063 1361 3144 τυγχάνει
1384 3060 1467 3145 οὖσα

292 3168 346 3231 καί
367 3169 545 3250 μετοίκησις
567 3173 604 3250 τῇ
627 3173 717 3249 ψυχῇ
740 3173 796 3229 τοῦ
819 3167 917 3230 τόπου
941 3173 997 3230 τοῦ
1023 3167 1153 3231 ἐνθένδε
1176 3169 1219 3237 είς
1241 3167 1335 3231 ἄλλον
1358 3169 1465 3232 τόπον.

226 3313 231 3324 ·
292 3273 368 3338 ibid.
385 3278 465 3338 400:
491 3276 520 3337 εί
541 3271 568 3336 d'
586 3271 627 3337 αὗ
651 3274 718 3337 οἷον
742 3274 950 3356 ἀποδημῆσαί
970 3275 1049 3336 ἐστιν
1067 3274 1086 3337 ό
1101 3274 1248 3344 θάνατος.
1280 3273 1465 3338 Ρο1.496ε.

292 3378 369 3464 Lyo.
391 3378 504 3446 Leoor.
527 3383 583 3443 50:
608 3378 697 3444 οὗτοί
717 3404 748 3443 τε
770 3380 824 3444 τόν
846 3382 916 3463 βίον
938 3380 1142 3463 μετήλλαξαν,
1166 3417 1209 3426 -
1237 3380 1353 3462 Itaque
1379 3401 1464 3446 mors

292 3487 429 3552 fortasse
455 3486 533 3550 nihil
557 3497 605 3550 est
629 3489 689 3550 nisi
713 3487 797 3550 vitae
820 3485 892 3550 finis
903 3485 922 3567 ¹,
946 3507 1008 3550 non
1032 3489 1132 3550 totius
1153 3497 1285 3550 naturae
1307 3486 1465 3552 humanae

294 3603 436 3658 extrema
456 3593 633 3658 dissolutio.
674 3591 738 3658 Sed
755 3593 815 3656 hao
833 3596 993 3656 sententia
1010 3602 1119 3657 orator
1135 3592 1275 3657 nondum
1296 3602 1465 3658 contentus

293 3710 354 3779 est,
384 3701 440 3764 sed
468 3703 572 3783 pergit
602 3699 699 3785 §28:
733 3703 762 3764 εἰ
787 3701 847 3782 γάρ
877 3697 908 3786 [ό
934 3696 1017 3786 soils·
1048 3701 1153 3771 ἄλλοις
1184 3703 1233 3764 ὢν
1263 3701 1466 3783 ἀνιαρότατος

291 3810 432 3879 θάνατος
455 3809 574 3878 τούτοις
597 3807 738 3890 ἀρχηγὸς
760 3808 909 3889 μεγάλων
933 3809 1069 3889 ἀγαθῶν
1093 3809 1214 3889 γέγονε,
1242 3813 1313 3878 πῶς
1336 3810 1466 3879 τούτους

292 3917 352 3978 οὐκ
381 3917 517 3998 εὐτυχεῖς
544 3915 660 3996 κρίνειν
689 3915 824 3988 δίκαιον,
853 3917 967 3997 ήπῶς
994 3915 1202 3979 ἐκλελοιπέναι
1226 3913 1280 3978 τόν
1303 3916 1374 3998 βίον
1398 3914 1464 3978 ἀλλ’

292 4023 352 4085 οὐκ
376 4023 411 4095 ἐξ
435 4023 535 4104 ἀρχῆς
563 4023 723 4103 γεγονέναι
750 4022 868 4084 καλλίω
897 4023 1015 4103 γένεσιν
1038 4029 1091 4105 τῆς
1118 4023 1247 4105 πρώτης
1270 4022 1464 4104 ὑπαρξάσης.

293 4128 475 4210 Hyperides
499 4127 621 4190 iudioat
644 4130 768 4191 oeeisos
787 4137 919 4210 propter
942 4129 1060 4191 olaram
1085 4135 1229 4207 mortem,
1254 4148 1317 4209 qua
1336 4128 1465 4209 lamam,

292 4234 459 4312 honorem,
487 4233 741 4298 benevolentiam
773 4236 977 4316 superstitum
1008 4236 1201 4317 aooeperint‚
1231 4233 1271 4297 ad
1300 4235 1464 4297 meliorem

384 4395 392 4424 ¹
412 4394 448 4445 oi.
462 4392 562 4458 lienes,
582 4393 598 4444 l.
610 4409 633 4444 o.
644 4410 670 4460 p.
681 4393 747 4446 805:
767 4390 829 4458 Lys.
843 4390 902 4444 XII
914 4393 961 4457 aa;
981 4390 1102 4458 Ps.-Lys.
1113 4390 1197 4456 1170,
1208 4392 1255 4456 793
1274 4390 1428 4458 IsaeleI,
1439 4393 1465 4460 7;

291 4480 356 4548 Lyn.
370 4481 467 4534 Leoor.
480 4483 522 4534 86.

1266 4572 1304 4622 4*
