3522 5436
751 554 881 613 ..·53
928 587 971 598 .-

275 748 316 790 an
342 730 392 791 ein
417 726 675 792 buchstilbliches
700 727 909 791 nieaufho'ren
934 726 992 791 der
1007 729 1167 799 ἀθάνατος
1188 729 1299 812 μνήμη
1321 726 1444 792 dachte.

276 833 383 898 Wenn
408 855 442 897 er
466 833 527 898 den
551 833 687 897 verlrehr
711 833 768 897 der
791 833 1016 898 verstorbenen
1044 845 1135 897 noter
1154 833 1307 898 einander
1330 834 1445 897 durch·

276 961 332 1004 aus
358 941 439 1004 nach
464 939 521 1004 der
545 943 635 1005 weise
660 940 716 1004 des
740 929 945 1022 diesseiligen
969 939 1078 1004 labens
1103 941 1247 1021 ausmalt,
1272 962 1307 1003 so
1327 943 1369 1004 ist
1388 939 1445 1004 das

275 1047 430 1111 zundchst
454 1068 513 1111 nur
536 1048 582 1110 als
610 1047 775 1130 poetische
802 1045 1108 1128 daretellungsweiso
1133 1047 1352 1128 aufzuiassen,
1382 1045 1446 1110 und

276 1175 363 1217 wenn
390 1153 472 1217 auch
495 1156 526 1217 in
552 1153 611 1217 der
633 1153 703 1217 that
726 1154 807 1218 viele
836 1153 909 1216 dem
933 1152 1186 1236 entsprechende
1209 1155 1444 1235 vorstellungen

276 1281 348 1324 vom
371 1260 503 1343 jenseits
526 1259 646 1343 gehabt
670 1259 773 1324 haben
797 1265 924 1342 mogon,
951 1280 986 1324 so
1012 1259 1127 1323 diirfen
1151 1262 1206 1323 wir
1230 1259 1338 1323 solche
1363 1259 1446 1324 doch

276 1367 365 1431 nicht
388 1367 470 1430 ohne
495 1369 638 1431 weiteres
662 1367 708 1431 als
734 1367 901 1449 allgemein
925 1365 1286 1449 gissdgbereichnen1.“

367 1473 394 1537 1]
418 1476 584 1538 sententiis
608 1475 640 1537 in
665 1494 786 1558 papyro
811 1475 944 1538 servatis
968 1481 1059 1556 patet
1082 1481 1244 1537 oratorem
1266 1475 1446 1537 existimare

276 1591 418 1644 mortuos
443 1601 536 1644 sensu
560 1579 741 1672 praeditam
764 1581 862 1643 vitam
887 1601 996 1661 agere;
1020 1588 1126 1643 tamen
1148 1577 1381 1644 observandum
1398 1589 1448 1644 est

276 1686 381 1750 adhuc
405 1689 508 1751 solum
532 1685 572 1750 de
596 1688 662 1750 vita
685 1696 815 1751 aeterna
839 1686 1005 1750 hominum
1028 1685 1109 1750 bene
1125 1685 1166 1750 de
1181 1688 1287 1769 patria
1311 1685 1447 1750 civibus-

277 1814 338 1875 que
362 1796 557 1876 meritorum,
582 1795 635 1876 qui
660 1793 779 1857 claram
802 1802 938 1857 mortem
963 1791 1117 1873 obierant,
1142 1790 1239 1856 rerba
1258 1792 1347 1856 facta
1368 1813 1446 1858 esse.

275 1899 330 1964 Illi
345 1900 432 1964 fama
449 1921 506 1964 sua
522 1910 672 1964 aeternae
687 1903 773 1963 ritae
793 1901 966 1983 participes
983 1909 1058 1963 sunt
1076 1909 1116 1981 et,
1140 1920 1212 1963 cum
1229 1899 1314 1963 clare
1330 1901 1447 1963 mortui

276 2017 394 2086 essent,
424 2028 486 2071 non
515 2009 691 2090 perierunt,
722 2005 779 2071 sed
806 2009 840 2070 in
870 2007 968 2071 alium
996 2015 1114 2070 statum
1143 2009 1332 2089 transgressi
1360 2016 1447 2085 sunt3

277 2113 461 2195 quomodo
494 2135 549 2178 eos
577 2116 673 2177 vitam
708 2115 851 2177 amisisse
881 2134 983 2196 neque
1017 2121 1144 2178 renatos
1178 2134 1247 2177 esse
1277 2133 1446 2196 possumus

277 2219 481 2284 existimare?
520 2221 558 2284 In
587 2223 658 2304 ipso
686 2219 748 2284 fine
777 2221 948 2302 fragmenti
975 2241 994 2283 a
1023 2217 1164 2284 Stobaeo
1194 2222 1311 2284 servati
1340 2229 1447 2283 orator

276 2329 460 2410 perstringit
476 2349 526 2392 res
543 2328 585 2391 ad
602 2348 711 2392 omnes
728 2337 871 2391 mortuos
888 2329 1084 2410 pertinentes
1097 2327 1241 2409 facitque
1253 2329 1446 2390 mentionem

277 2433 316 2497 de
345 2432 469 2498 duabus
499 2455 608 2498 eorum
636 2433 813 2498 rationibus
843 2432 861 2519 ξ
886 2438 943 2498 43;
977 2436 1005 2498 εἰ
1028 2436 1088 2516 μέν
1116 2435 1177 2497 ἐστι
1207 2433 1242 2497 τὸ
1273 2435 1448 2497 ἀποθανεῖν

276 2542 389 2623 ὅμοιον
404 2549 449 2624 τῷ
464 2565 509 2625 μη
527 2543 673 2624 γενέσθαι
692 2592 698 2606 .
716 2591 746 2607 ..
770 2543 799 2605 εἰ
817 2541 844 2605 δ’
862 2544 943 2605 ἔστιν
963 2543 1107 2624 αἴσθησις
1129 2542 1163 2604 ἐν
1177 2540 1285 2604 Ἅιδου
1308 2542 1362 2603 καὶ
1382 2542 1446 2604 ἔπι-

275 2648 381 2729 μέλεια
401 2647 488 2730 παρὰ
507 2656 564 2712 τοῦ
585 2650 759 2731 δαιμονίου.
800 2643 1003 2729 Quamquam
1025 2648 1116 2711 alteri
1132 2648 1215 2729 parti
1232 2645 1448 2728 adiunguntur

276 2753 372 2818 verba
397 2757 505 2837 ὥσπερ
529 2757 806 2838 ὑπολαμβάνομεν,
831 2767 937 2818 tamen
958 2754 1111 2817 nonnulla
1132 2753 1346 2836 discrepantia
1364 2756 1447 2817 inter
1485 2741 1487 2747 ’

276 2861 360 2925 hunc
388 2860 482 2925 finem
512 2870 544 2926 et
571 2864 659 2944 prius
689 2862 879 2944 compluries
904 2860 1026 2925 edictas
1054 2863 1226 2925 sententias
1250 2859 1446 2924 intercedit².

278 2967 370 3031 Haec
386 2968 525 3049 intellegi
542 2977 657 3050 potest,
674 2968 751 3031 mihi
768 2968 901 3049 videtur,
918 2990 958 3031 ex
974 2989 1012 3031 ea
1027 2988 1071 3048 re,
1088 2967 1176 3050 quod
1193 2974 1301 3031 orator
1317 2966 1357 3030 de
1372 2969 1446 3030 viris

276 3073 444 3138 laudandis
474 3096 536 3138 non
567 3073 692 3138 dubitat
720 3074 864 3157 proferre
893 3074 1051 3138 rhetorice
1078 3082 1247 3137 exornatas
1274 3075 1446 3137 sententias

277 3179 315 3243 de
345 3184 410 3244 vita
438 3192 569 3245 aeterna
597 3191 630 3245 et
658 3181 696 3244 de
726 3180 864 3264 quadam
893 3182 1133 3264 regeneratione
1163 3190 1302 3263 agentes.
1352 3179 1447 3243 Nunc

277 3298 391 3368 autem,
406 3309 486 3369 oum,
500 3309 582 3370 quae
598 3287 640 3351 ad
653 3309 762 3352 omnes
776 3290 944 3372 pertinent,
957 3289 1096 3371 exponit,
1112 3289 1258 3370 proprias
1273 3290 1446 3351 sententias

277 3415 339 3457 non
356 3397 488 3477 profert,
505 3396 561 3460 sed
577 3395 684 3459 media
701 3397 853 3478 sequitur.
889 3394 934 3460 Ut
951 3415 1133 3477 perversam
1148 3396 1448 3477 interpretationem

275 3504 530 3583 praemunitione
554 3502 711 3584 excludat,
734 3504 799 3565 iam
824 3523 923 3584 usque
948 3500 989 3565 ad
1009 3500 1104 3565 finem
1123 3502 1262 3583 peractis
1283 3502 1446 3564 sententiis

276 3606 423 3691 adponit:
447 3609 528 3693 πρὸς
545 3610 579 3674 δὲ
593 3611 720 3682 τούτοις,
745 3611 773 3673 εἰ
788 3609 847 3692 μὲν
864 3659 870 3672 .
888 3659 894 3672 .
912 3656 934 3682 .,
958 3610 986 3672 εἰ
1003 3609 1037 3673 δὲ
1054 3656 1060 3671 .
1078 3657 1108 3673 ..
1149 3607 1176 3670 l]
1192 3605 1312 3672 verbis:
1337 3609 1447 3690 ὥσπερ

275 3716 545 3799 ὑπολαμβάνομεν
565 3736 628 3779 non
649 3725 783 3798 apparet
803 3725 961 3779 oratorem
977 3716 1083 3798 ipsum
1101 3724 1186 3778 certe
1203 3713 1332 3777 credere
1349 3716 1448 3778 vitam

277 3830 439 3885 aeternam
457 3821 602 3886 omnibus
620 3821 725 3886 tribui.
759 3820 883 3904 Fidem,
900 3842 963 3904 qua
980 3830 1158 3885 commotus
1174 3820 1269 3885 Plato
1286 3821 1447 3884 hominem

276 3927 403 3992 divinae
428 3937 560 3992 naturae
585 3930 774 4011 participem
795 3930 998 4010 animamque
1015 3928 1226 3992 immortalem
1244 3948 1312 3991 esse
1330 3936 1447 4009 censet,

277 4035 395 4098 nullam
422 4037 563 4116 invenio,
597 4056 791 4118 quamquam
821 4035 873 4098 hic
901 4035 990 4098 locus
1020 4037 1087 4098 sine
1116 4033 1213 4098 dubio
1243 4031 1385 4098 Socratis
1413 4034 1447 4096 in

276 4140 439 4223 Apologia
461 4145 504 4205 40
516 4140 570 4226 ⁰ld
603 4140 701 4205 verba
734 4142 877 4223 respicit:
919 4142 1007 4206 δυοῖν
1041 4142 1101 4222 γάρ
1132 4141 1269 4222 θάτερόν
1301 4143 1381 4204 ἐστιν
1412 4140 1447 4203 τὸ

275 4250 436 4312 τεθνάναι·
460 4251 479 4331 ἢ
500 4249 560 4331 γὰρ
577 4249 644 4312 οἷον
659 4249 761 4331 μηδὲν
777 4250 854 4311 εἶναι
869 4247 952 4330 μηδὲ
968 4250 1116 4331 αἴσθησιν
1134 4248 1292 4330 μηὸεμίαν
1307 4247 1447 4330 μηδενὸς

366 4407 374 4438 ¹
393 4405 491 4472 Menas,
512 4405 545 4458 N.
558 4406 657 4459 Jahrb.
671 4406 690 4459 f.
705 4406 742 4460 kl.
756 4405 857 4459 Philol.
873 4406 950 4472 1889,
964 4424 990 4474 p.
1005 4406 1064 4459 818.

365 4497 375 4528 ¹
394 4496 428 4548 cf.
449 4494 517 4547 Karl
535 4494 632 4561 Lehrs,
651 4494 789 4562 Populdre
808 4495 940 4548 Aufriitze
960 4513 1006 4548 aus
1027 4496 1089 4547 dem
1108 4495 1253 4560 Altertum,
1274 4512 1299 4562 p.
1313 4494 1409 4564 330sq.
