3522 5436
818 547 1040 607 ..36-

432 719 488 784 Ad
512 719 690 803 augendam
714 719 841 785 laudem
867 720 1056 804 Hyperides,
1082 730 1117 784 ut
1139 721 1275 786 vidimus
1300 721 1352 808 (ἐξ
1372 725 1443 802 1,3,
1466 726 1518 802 19,

344 831 394 905 23,
413 828 477 909 33),
500 847 550 891 res
568 847 668 910 nuper
683 836 789 909 gestas
807 847 878 890 oum
896 827 966 891 aliis
982 829 1156 910 praeclaris
1173 827 1268 892 saetis
1285 830 1411 911 saepius
1429 849 1517 892 oom-

343 943 444 1015 parat,
469 954 551 1016 quae
576 935 683 998 omnia
704 933 797 1015 louge
815 943 966 1016 superata
982 955 1051 998 esse
1069 933 1154 998 dieit.
1195 932 1268 1018 Qua
1284 938 1408 999 ratione
1425 934 1517 998 ducis

344 1060 499 1123 personae
527 1042 560 1104 iu
588 1040 638 1104 his
663 1040 741 1103 loeis
765 1041 905 1104 maxima
928 1041 997 1104 laus
1022 1040 1223 1122 tribueretur,
1248 1063 1345 1124 supra
1368 1064 1396 1124 p.
1414 1041 1512 1125 aufal

344 1145 575 1226 demonstrari;
600 1167 684 1210 nuno
708 1147 848 1228 singulas
870 1149 1126 1230 temperationes
1143 1150 1362 1230 perstringam.
1396 1146 1519 1214 Orator

344 1256 427 1317 enim
460 1252 668 1318 beatitudinis
701 1255 805 1317 oensis
839 1255 992 1336 expositis
1026 1254 1190 1318 eoueludit
1213 1257 1231 1338 ξ
1258 1259 1314 1320 35:
1348 1255 1424 1319 ἀλλὰ
1451 1255 1517 1338 μὴν

343 1363 388 1426 ὅτι
411 1362 486 1443 παρ’
511 1363 586 1443 ἡμῖν
608 1360 662 1423 καί
685 1367 748 1432 τοῖς
765 1361 885 1432 λοιποῖς
900 1367 994 1425 πᾶσιν
1011 1362 1188 1444 εὐδοκιμεῖν
1204 1362 1319 1434 αὐτοὺς
1335 1363 1515 1444 ἀναγκαῖον,

343 1469 379 1531 ἐκ
415 1469 536 1531 τούτων
572 1468 713 1550 φανερόν
750 1469 839 1532 ἐστιν.
900 1466 965 1534 Sed
1004 1467 1064 1531 hae
1100 1467 1340 1550 praedieatione
1374 1467 1515 1532 nondum

344 1581 512 1637 contentus
543 1576 686 1655 exponit,
719 1594 739 1636 a
771 1595 835 1656 quo
868 1572 1082 1638 Leosthenem
1113 1575 1180 1659 (τὸν
1207 1577 1348 1658 ἡγεμόνα
1373 1627 1380 1641 .
1402 1625 1408 1638 .
1430 1625 1436 1638 .
1461 1575 1515 1639 τὸν

343 1678 475 1765 τούτων)
507 1681 540 1742 in
569 1678 656 1746 Oreo
689 1690 853 1762 reoeptum
885 1683 924 1744 iri
958 1681 1205 1745 existimandum
1238 1683 1286 1748 sit
1332 1681 1515 1765 Hyperides

343 1788 478 1850 reourrit
502 1785 543 1849 ad
566 1785 684 1850 bellum
702 1784 886 1869 Troianum,
911 1787 951 1851 oi.
968 1785 987 1873 ξ
1006 1791 1056 1869 33,
1080 1787 1283 1872 affirmatque
1299 1788 1515 1853 Leostheuem

344 1914 407 1957 uon
437 1894 539 1956 solum
568 1913 687 1976 aequas
710 1894 795 1957 illius
820 1893 895 1957 beili
918 1893 1069 1958 heroibus
1094 1915 1144 1958 res
1168 1895 1350 1977 perfecisse,
1379 1895 1436 1958 sed
1461 1915 1516 1958 eos

344 2020 471 2083 quoque
505 2001 714 2083 superavisse,
748 2021 819 2063 oum
853 2002 898 2063 iili
931 2022 1028 2064 unum
1063 2001 1215 2085 oppidum
1249 2023 1321 2066 aum
1349 2004 1517 2065 universae

343 2105 495 2188 Europae
529 2107 629 2190 oopiis
663 2109 943 2188 expugnavisseut,
976 2106 1175 2172 Leosthenes
1207 2109 1285 2192 μετὰ
1316 2116 1371 2191 τῆς
1402 2111 1517 2173 ἑαυτοῦ

343 2215 492 2295 πατρίδος
506 2214 608 2296 μόνης
625 2215 827 2278 coniunctam
839 2213 991 2296 Europae
1008 2222 1103 2296 atque
1117 2214 1218 2279 Asiae
1233 2217 1296 2279 rim
1314 2217 1516 2278 sustinuisset

344 2321 363 2406 ξ
381 2323 432 2386 35.
466 2320 505 2384 oi.
521 2318 603 2382 Plut.
620 2319 744 2386 Menex.
763 2319 867 2384 239d:
893 2321 1023 2404 Πέρσας
1045 2323 1244 2405 ἡγουμένους
1265 2329 1320 2405 τῆς
1337 2323 1441 2392 Ἄσίας
1463 2323 1516 2385 καὶ

345 2428 579 2509 δουλουμένους
609 2427 665 2510 τὴν
689 2426 854 2510 Εὐρώπην
882 2430 975 2511 ἔσχον
1003 2431 1034 2491 οἶ
1060 2430 1153 2512 τῆσδε
1175 2435 1229 2511 τῆς
1251 2430 1361 2512 χώρας
1384 2431 1515 2510 ἔκγονοι.

345 2533 445 2598 34οδ.
475 2532 551 2617 Lyo.
567 2532 681 2599 Leoor.
701 2538 772 2598 104.
801 2533 1060 2617 Ps.-Lys.114o.
1088 2533 1516 2616 1³001.X1V59,XV127.

344 2641 384 2706 of.
409 2642 506 2704 etiam
535 2639 619 2704 Plut.
640 2639 754 2703 Periol.
777 2645 827 2722 28,
852 2640 937 2723 quod
963 2640 1083 2704 dietum
1107 2639 1318 2724 probabiliter
1341 2664 1358 2705 e
1382 2640 1515 2705 Periolis

344 2746 428 2812 bello
446 2745 555 2812 Samio
573 2768 598 2810 ο.
616 2767 642 2812 a.
656 2750 721 2810 440
737 2745 848 2810 habita
865 2749 1009 2810 oratione
1027 2747 1175 2811 haustum
1193 2760 1249 2811 est.
1284 2747 1385 2814 Isoor.
1395 2747 1446 2811 IV
1457 2751 1514 2810 83:

344 2857 375 2919 οῖ
397 2861 545 2918 τοσοῦτον
567 2855 626 2936 μὲν
649 2859 713 2917 τῶν
737 2854 785 2918 ἐπὶ
806 2854 920 2936 Τροίαν
943 2857 1222 2937 στρατευσαμένων
1241 2856 1415 2937 διήνεγκαν,
1440 2856 1517 2918 ὅσον

302 3021 311 3043 ‚
344 2965 375 3026 οί
396 2963 454 3044 μὲν
477 2963 547 3042 περὶ
569 2962 645 3044 μίαν
667 2961 756 3024 πόλιν
780 2963 830 3044 ἔτη
856 2961 934 3025 δέκα
957 2962 1127 3044 διέτριψαν,
1152 2964 1182 3025 ολ
1205 2962 1239 3025 δὲ
1262 2962 1317 3044 τὴν
1341 2963 1375 3035 ἐξ
1393 2963 1517 3043 ἁπάσης

343 3077 397 3151 τῆς
415 3069 519 3139 Ἀσίας
552 3069 685 3150 δύναμιν
713 3069 746 3132 δν
775 3069 871 3150 ὀλίγῳ
893 3068 1002 3151 χρόνῳ
1025 3069 1290 3151 κατεπολέμησαν.
1313 3068 1345 3131 V
1363 3066 1440 3151 llll
1445 3071 1516 3131 112.

343 3174 398 3239 IX
411 3177 539 3255 64s651.

434 3298 605 3363 Praeterea
626 3319 663 3362 eo
680 3299 793 3362 heroes
814 3300 886 3362 illos
904 3308 1113 3381 superserunt
1129 3301 1147 3381 ξ
1165 3302 1215 3380 36,
1240 3298 1327 3382 quod
1343 3319 1405 3361 non
1423 3299 1517 3361 unius

344 3407 483 3469 feminae
517 3426 613 3469 eausa
646 3404 762 3470 bellum
797 3415 1016 3488 susceperunt,
1051 3405 1106 3469 sed
1139 3415 1174 3469 ut
1204 3404 1419 3488 prohiberent,
1452 3425 1517 3487 quo

344 3515 448 3576 minus
478 3511 624 3576 omnibus
653 3514 819 3575 universae
849 3509 1006 3577 Graeciae
1040 3511 1225 3576 mulieribus
1258 3513 1305 3574 vis
1338 3512 1517 3592 inferretur,

346 3617 758 3703 of.Isoor.IV181l182.
813 3618 922 3682 Etiam
959 3619 1021 3682 hoo
1057 3619 1128 3685 λοοο
1165 3617 1348 3702 Hyperides
1381 3619 1516 3681 milit-um

345 3727 540 3790 mentionem
563 3723 655 3788 fauit:
686 3727 704 3789 ὁ
728 3726 762 3790 δὲ
783 3773 790 3788 .
812 3776 817 3789 .
841 3775 846 3788 .
866 3725 943 3808 μετὰ
966 3732 1031 3790 τῶν
1054 3727 1326 3808 συνθαπτομένων
1348 3732 1405 3789 νῦν
1429 3725 1517 3806 αὐτῷ

346 3833 482 3914 ἀνδρῶν.

435 4028 445 4059 ¹
465 4025 614 4096 [Ps.-Dem.
628 4025 680 4078 Lx
691 4025 783 4094 lom:
799 4024 917 4101 τοσούτῳ
930 4024 984 4097 γὰρ
997 4026 1128 4101 α’μειῖνους
1142 4033 1194 4080 τῶν
1208 4025 1252 4080 ἐπὶ
1275 4028 1378 4098 Τροίαν
1390 4044 1516 4097 προτευ-

346 4116 472 4188 σοιμένων
491 4114 637 4190 νομίζοιντ’
657 4110 830 4180 οἲνέἰκότως,
851 4111 914 4170 ὅσον
933 4115 1029 4190 οἱμὲν
1049 4113 1077 4174 ἐξ
1096 4113 1201 4187 ἁπάσης
1219 4121 1266 4186 τῆς
1285 4112 1418 4174 Ἑλλάδος
1439 4113 1519 4172 ὅντες

346 4203 465 4276 ἀριστεῖς
489 4203 545 4258 δέκ’
569 4203 615 4276 ἔτη
639 4209 686 4276 τῆς
708 4203 795 4264 Ἄσίας
819 4203 849 4258 ἕν
868 4208 970 4276 χωρίον
992 4207 1203 4277 πολιορκοῦντες
1225 4201 1304 4277 μόλις
1328 4197 1413 4269 εἷλον,
1442 4193 1517 4255 οὗτοι

347 4291 376 4347 δὲ
395 4289 443 4347 τὸν
463 4291 493 4347 ἐκ
511 4290 598 4364 πόσης
616 4299 663 4366 τῆς
675 4291 789 4364 ἠπείρου
802 4289 896 4346 στόλον
911 4291 1028 4348 ἐλθόντα
1041 4290 1122 4366 μόνοι
1136 4335 1141 4346 .
1156 4335 1162 4346 .
1177 4334 1183 4345 .
1197 4290 1357 4367 ἤμόναντο].
1372 4323 1404 4331 -
1418 4291 1515 4343 Anim-

347 4381 507 4434 adversinue
531 4381 644 4448 dignum
667 4384 722 4446 est,
746 4382 819 4448 quod
844 4379 979 4435 Isocrates
1003 4382 1057 4434 alio
1081 4382 1143 4434 loco
1162 4380 1222 4434 XII
1239 4379 1335 4433 79-83
1355 4379 1519 4433 sententiam

346 4469 410 4522 huie
430 4473 522 4537 aperte
542 4473 696 4537 oppositam
716 4470 828 4538 profert.
