3522 5436
857 518 1158 578 -13-.

812 690 893 776 <VI.
918 691 1132 774 Conclusio.)

472 815 645 882 Conclusio
671 815 762 881 nohis
779 815 899 879 tradita
916 836 978 879 nou
996 826 1052 897 est,
1077 837 1269 900 quamquam
1286 819 1318 880 iu
1336 816 1584 879 consolatione

377 924 446 988 iam
461 924 633 988 manifesta
647 925 861 1006 perorationis
877 925 1011 1006 vestigia
1027 925 1214 986 invenimus.
1245 922 1319 986 Non
1336 921 1458 986 dubitc.
1479 923 1579 1003 quin

379 1041 490 1095 orator
513 1029 618 1094 verbis
643 1028 843 1111 quibusdam,
868 1029 1007 1093 fortasse
1030 1029 1169 1093 formula
1192 1050 1212 1092 a
1236 1031 1350 1093 ceteris
1375 1030 1579 1092 orationum

377 1136 562 1201 funebrium
589 1134 772 1200 auctoribus
796 1137 881 1217 trita,
905 1136 1102 1218 epitaphium
1127 1136 1346 1200 concluserit¹.

471 1277 506 1345 Si
544 1278 627 1342 hanc
661 1279 839 1360 argumenti
871 1277 1114 1360 dispositionem
1147 1299 1220 1341 cum
1252 1278 1323 1340 aliis
1356 1274 1575 1341 orationibus

376 1384 569 1449 funebribus
603 1405 839 1467 comparamus,
876 1387 908 1447 in
942 1387 1051 1467 primis
1085 1383 1213 1448 easdem
1246 1393 1354 1466 partes
1388 1384 1574 1446 maximas:

380 1493 590 1574 prooemium,
613 1491 842 1572 laudationem,
867 1492 1118 1555 consolationem
1142 1492 1173 1554 in
1199 1489 1346 1554 omnibus
1362 1491 1571 1564 invenimus;

378 1608 506 1662 ceteras
540 1597 619 1662 duas
651 1607 759 1681 partes
795 1618 858 1661 non
893 1597 1095 1678 omittendas,
1129 1597 1386 1661 adhortationem
1420 1606 1452 1659 et
1480 1615 1569 1658 con-

379 1704 566 1785 clusionem,
590 1705 642 1767 hic
666 1709 762 1768 etiarn
786 1704 886 1768 fuisse
906 1725 1030 1768 censeo.
1068 1705 1217 1787 Denique
1234 1703 1360 1767 accedit
1376 1713 1466 1766 sexta
1480 1722 1568 1784 pars

382 1810 589 1874 beatitudinis
627 1811 838 1893 praedicatio,
877 1833 940 1894 qua
977 1813 1074 1874 etiam
1106 1820 1219 1875 auctor
1251 1812 1405 1874 orationis
1437 1807 1567 1892 Lysiae

377 1917 564 2000 adscriptae
583 1916 723 1980 breviter
746 1930 779 1980 et
802 1927 915 1980 auctor
938 1917 1092 2000 epitaphii
1116 1917 1199 1981 falso
1216 1916 1427 1980 Demostheni
1443 1913 1565 1978 tributi

375 2025 483 2088 'fusius
510 2034 647 2090 utuntur.
687 2023 829 2088 Eaedem
854 2037 962 2106 partes
987 2033 1069 2105 sunt,
1093 2045 1175 2106 quae
1196 2024 1358 2088 rhetorum
1374 2022 1563 2106 praeceptis

375 2132 585 2214 postulantur
595 2130 810 2215 (Pu-Dionys.
825 2131 982 2202 Μέθοὸος
994 2133 1176 2213 ἐπιταφίων,
1189 2131 1305 2214 Τέχνης
1317 2132 1486 2213 ῥητορικῆς
1495 2127 1563 2208 VI,

376 2237 422 2304 ci.
439 2237 571 2322 Dionys.
589 2237 663 2302 Hal.
680 2239 835 2320 opuscula
854 2236 925 2302 edd.
938 2236 1374 2317 Usener-Radermacherss,
1390 2257 1420 2318 p.
1438 2240 1561 2316 277sq.

376 2354 415 2408 et
446 2343 615 2408 Menandri
647 2345 798 2408 rhetoris:
831 2346 903 2427 περὶ
935 2346 1108 2428 ἐπιταφίου,
1140 2347 1211 2426 περὶ
1243 2345 1459 2408 ἐπιδεικτικῶν
1491 2339 1560 2414 ΧΙ,

377 2451 423 2515 cf.
449 2449 602 2534 Spengel:
626 2451 786 2516 Rhetores
812 2449 930 2516 Graeci
946 2450 1012 2532 III,
1035 2473 1065 2533 p.
1083 2453 1224 2534 illisu).

472 2555 592 2620 Tamen
618 2558 786 2621 nonnullas
810 2578 922 2638 graves
944 2557 1140 2621 differentias
1158 2561 1241 2621 inter
1256 2558 1339 2620 hanc
1356 2565 1388 2619 et
1402 2556 1558 2638 plurimas

379 2674 561 2728 ceterarum
578 2666 759 2728 orationum
775 2663 1011 2727 intercedentes
1028 2663 1318 2744 animadvertimus,
1340 2662 1455 2726 desunt
1472 2663 1558 2725 euim

381 2771 541 2834 factorum
567 2770 788 2834 fabulosorum
812 2771 1069 2852 praedicationes
1094 2773 1273 2853 nimiaeque
1298 2772 1435 2834 civitatis
1460 2778 1558 2850 atque

380 2880 539 2941 maiorum
556 2877 675 2941 laudes.
717 2874 819 2942 Simili
836 2879 960 2940 ratione
978 2876 1183 2961 Thucydides
1200 2877 1380 2940 1135-46
1397 2875 1556 2939 Periclem

379 2983 462 3048 iacit
478 2994 630 3064 utentem,
656 2986 744 3048 cuins
761 2987 807 3048 rei
824 3005 922 3048 causa
938 2985 1017 3048 haec
1033 2983 1159 3047 videtur
1176 3005 1254 3065 esse,
1275 2982 1363 3066 quod
1379 2979 1556 3065 Hyperidis

380 3093 486 3156 oratio
520 3113 553 3154 re
582 3080 667 3155 vera¹
684 3094 891 3172 pronuntiata
919 3099 976 3172 est,
1010 3090 1213 3174 Thucydides
1242 3101 1348 3153 autom
1378 3091 1556 3153 orationem

380 3198 480 3261 talem
509 3218 701 3280 componere
730 3198 846 3278 studet,
878 3199 981 3280 qualis
1010 3219 1029 3261 a
1057 3197 1182 3261 Pericle
1214 3198 1414 3280 pronuntiari
1442 3197 1555 3278 potuit.

381 3301 457 3386 Qua
486 3304 525 3368 de
555 3325 652 3368 causa
680 3304 740 3368 hae
769 3307 931 3368 orationes
958 3304 1053 3368 factis
1078 3314 1110 3368 et
1133 3305 1270 3386 tempori
1293 3301 1556 3367 accommodatae

381 3420 466 3490 sunt,
490 3419 659 3492 propterea
684 3411 770 3492 quod
794 3413 833 3474 iis
858 3432 938 3493 opus
963 3431 1026 3474 non
1051 3421 1121 3475 erat
1143 3408 1291 3474 inanibus
1308 3406 1556 3473 laudationibus.

382 3517 500 3599 Itaque
520 3516 701 3599 Hyperides
727 3539 820 3580 omne
845 3516 969 3600 pondus
995 3520 1026 3580 in
1051 3517 1178 3581 laudem
1203 3537 1304 3598 nuper
1323 3515 1556 3596 defunctorum,

474 3713 484 3743 ¹
503 3710 538 3762 cf.
552 3709 639 3763 Blass.
650 3713 668 3764 l.
682 3728 704 3763 c.
718 3709 796 3782 1113,
811 3729 835 3778 p.
850 3710 892 3764 93.
913 3742 946 3751 —
966 3709 1086 3780 Sauppe,
1105 3711 1244 3779 Philologi
1263 3709 1359 3778 Suppl.
1375 3711 1452 3774 1860,
1471 3726 1498 3776 p.
1514 3709 1555 3760 51.

383 3799 513 3852 Formula
532 3799 605 3866 apud
624 3803 729 3852 ceteros
749 3803 871 3853 oratores
890 3800 958 3854 haec
978 3804 1031 3854 est:

421 3905 541 3972 Thucyd.
554 3903 643 3958 1146:
663 3913 714 3960 νῦν
734 3905 763 3960 δὲ
782 3905 1023 3980 ἀπολοφυράμενοι
1043 3907 1075 3961 ὃν
1093 3905 1224 3981 προσήκει
1244 3905 1346 3980 ἑκάστῳ
1364 3906 1452 3960 ἄπιτε.

420 3994 489 4048 Plat.
507 3993 615 4048 Mencx.
633 3995 719 4047 2490:
739 4001 791 4048 νῦν
809 3994 838 4049 δὲ
857 3995 906 4066 ἤδη
925 3995 1004 4070 ὑμεῖς
1024 3998 1118 4051 τεκαὶ
1138 3999 1164 4049 οἱ
1182 3995 1258 4050 ἄλλοι
1270 3994 1372 4056 πάντες
1390 4001 1469 4069 κοινῇ
1488 3990 1556 4047 κατὰ

598 4081 646 4137 τὸν
665 4081 752 4158 νόμον
772 4082 834 4144 τοὺς
852 4084 1079 4154 τετελευτηκότας
1097 4082 1338 4158 ἀπολοφυράμενοι
1357 4085 1445 4138 ἄπιτε.

420 4172 541 4239 Pa-lays.
551 4171 637 4225 1181:
651 4169 724 4246 ὅμως
733 4171 864 4245 δ’ᾰνοέγκη
877 4181 931 4234 τοῖς
941 4174 1064 4248 ἄρχαίοις
1075 4175 1152 4228 ἔθεσι
1158 4181 1279 4247 χρῆσθαι
1289 4177 1336 4228 καὶ
1346 4169 1557 4245 θεραπεύοντας

598 4259 646 4316 τὸν
665 4259 781 4335 πάτριον
800 4259 888 4335 νόμον
907 4261 1092 4336 ὀλοφύρεσθαι
1112 4261 1175 4324 τοὺς
1194 4264 1395 4336 θαπτομένους.

347 4381 350 4386 -
419 4349 568 4420 [Pa-Dm.
591 4349 699 4403 LX37:
719 4351 799 4424 ὑμεῖς
817 4349 1046 4425 θᾶποδυραμενοι
1065 4355 1112 4405 καὶ
1136 4350 1168 4406 τὰ
1191 4349 1358 4425 προσήκονθ’
1379 4351 1413 4412 ὥς
1433 4347 1485 4423 χρὴ
1509 4351 1556 4403 καὶ

599 4437 703 4515 νόμιμοι
722 4438 884 4513 ποιήσαντες
903 4441 1001 4511 ἄπιτε]
1433 4441 1434 4446 ’
