3522 5436
811 520 1028 580 ..52-

335 697 433 758 vitam
461 703 589 759 renatos
618 714 696 758 esse.
742 693 888 776 Insignes
918 703 991 756 sunt
1020 713 1148 771 oausae,
1182 690 1360 774 dequibus
1391 711 1506 754 novam

336 803 434 865 vitam
457 802 621 864 meliorem
645 798 785 863 futuram
809 821 879 863 esse
903 811 1021 880 oenset,
1045 799 1085 866 oi.
1102 801 1120 880 ξ
1138 801 1250 879 aalaa:
1273 800 1339 862 τότε
1361 797 1505 880 μὲνγὰρ

334 910 444 979 παῖδες
475 910 561 978 ὄντες
593 909 732 990 ἄφρονες
763 906 859 990 ἦσαν,
891 914 949 970 νῦν
979 905 1006 971 δ’
1037 907 1151 988 ἀνδρες
1182 907 1300 987 ἀγαθοὶ
1332 906 1504 987 γεγόνασιν.

334 1017 388 1078 καί
414 1014 481 1079 τότε
507 1016 566 1096 μὲν
594 1016 628 1078 ἐν
660 1015 768 1095 πολλῷ
795 1014 905 1097 χρόνῳ
932 1015 986 1077 καί
1014 1014 1064 1077 διὰ
1096 1014 1226 1077 πολλῶν
1258 1013 1417 1076 κινδύνων
1449 1012 1504 1093 τὴν

335 1123 447 1204 ἀρετὴν
479 1123 658 1194 ἀπέδειξαν·
695 1128 751 1184 νῦν
785 1120 813 1185 δ’
843 1122 906 1184 ἀπὸ
943 1121 1056 1203 ταύτης
1088 1118 1313 1201 *ἀρξαμένους
1345 1116 1505 1200 ὑπάρχει*

335 1231 517 1311 γνωρίμους
543 1234 620 1291 πᾶσι
647 1229 700 1291 καὶ
732 1228 966 1311 μνημονεντοὺς
999 1229 1049 1292 διὰ
1083 1228 1303 1309 ἀνδραγαθίαν
1336 1228 1504 1308 γεγονέναι.

334 1334 398 1398 Per
421 1335 539 1398 lamam
565 1336 726 1397 existimat
750 1335 872 1398 oeoisos
896 1345 1025 1397 renatos
1051 1354 1128 1413 esse,
1153 1343 1284 1416 propter
1303 1333 1421 1396 famam
1441 1333 1503 1394 iam

335 1450 501 1524 acceptam
533 1441 620 1503 illam
654 1442 751 1504 vitam
779 1441 942 1504 meliorem
972 1461 1041 1504 esse
1071 1460 1165 1522 quam
1195 1441 1346 1522 priorem;
1381 1437 1419 1500 de
1447 1440 1503 1500 im·

334 1548 530 1611 mortalitate
550 1549 647 1610 animi
665 1549 868 1629 omniumque
889 1547 1051 1610 hominum
1069 1547 1134 1608 vita
1151 1558 1281 1609 aeterna
1297 1544 1402 1608 adhue
1419 1545 1505 1607 nulla

335 1657 454 1718 mentio
478 1653 522 1717 fit.
562 1651 706 1718 Similem
725 1652 765 1717 de
784 1655 1025 1736 regeneratione
1046 1655 1237 1716 sententiam
1257 1672 1411 1734 nusquam
1429 1649 1505 1714 alibi

334 1763 455 1840 inveni3
484 1762 563 1824 haeo
587 1782 713 1844 quoque
743 1781 805 1824 non
834 1759 951 1824 idonea
979 1759 1057 1823 mihi
1084 1757 1222 1836 ridetur,
1251 1779 1333 1840 quae
1357 1759 1504 1840 ouiquam

335 1867 529 1950 persuadeat
557 1866 725 1932 defunetos
755 1878 904 1931 aeternae
933 1869 1017 1930 vitae
1046 1868 1218 1949 partieipes
1251 1886 1327 1929 esse.
1374 1863 1506 1928 Maximi

335 1973 486 2057 ponderis
517 1976 636 2038 oratori
665 1983 725 2056 est,
759 1972 845 2057 quod
875 1972 961 2038 beati
986 1973 1188 2037 existimandi
1213 1981 1299 2054 sunt,
1332 1981 1364 2034 et
1387 1973 1506 2054 passim

336 2081 378 2144 ad
402 2080 485 2144 hano
509 2083 700 2145 sententiam
724 2084 901 2163 revertitur,
926 2080 965 2146 of.
986 2081 1004 2166 ξ
1023 2085 1079 2145 24:
1104 2083 1240 2163 εὐτυχεῖς
1262 2080 1391 2162 μᾶλλον,
1415 2082 1506 2161 ἢ...

336 2190 457 2272 ἀτυχεῖς
472 2191 652 2270 νομιοτέον,·
676 2190 694 2270 ᾗ
709 2193 764 2251 28ε
781 2194 853 2259 πῶς
867 2189 996 2259 τούτοος
1011 2190 1072 2251 οὐκ
1088 2188 1223 2270 εὐτυχεῖς
1238 2189 1354 2268 κρίνειν
1370 2186 1492 2249 δίκαιον
1497 2209 1507 2259 ,·

338 2297 354 2377 ᾖ
372 2299 428 2359 31:
452 2296 539 2376 παρὰ
558 2297 633 2376 ποίᾳ
653 2296 688 2360 δὲ
706 2301 770 2359 τῶν
786 2296 917 2378 ἡλικιῶν
934 2297 972 2359 οὗ
987 2295 1176 2377 μακαριστοί
1192 2295 1388 2376 yearjooaror,¹
1412 2289 1431 2376 ξ
1449 2295 1506 2354 33;

336 2404 455 2466 οὐκοῦν
483 2403 571 2475 ἄξιον
599 2403 824 2484 εὐδαιμονίζειν
852 2402 966 2472 αὐτοὺς
994 2403 1043 2465 ἐπὶ
1068 2403 1201 2484 τοσαύτῃ
1226 2407 1315 2484 τιμῇ,·
1339 2401 1429 2482 §4a:
1455 2400 1507 2462 εὐ-

337 2509 484 2590 δαίμονές
506 2533 536 2573 τε
560 2509 706 2590 γεγόνασι
729 2509 808 2572 κατὰ
830 2510 939 2572 πάντα.

426 2614 476 2678 De
504 2617 570 2678 vita
599 2615 822 2679 defunetorum
854 2617 887 2678 in
917 2614 1129 2697 Proserpinae
1163 2612 1296 2677 aedibus
1327 2622 1432 2676 tamen
1463 2611 1508 2674 nil

337 2723 415 2784 eerti
443 2723 475 2784 iu
504 2721 564 2784 hae
594 2723 737 2784 oratione
766 2723 957 2784 invenimus:
987 2723 1054 2785 veri
1082 2722 1184 2784 simile
1215 2731 1264 2783 est
1292 2719 1507 2784 Leosthenem

335 2829 516 2909 militesque
550 2830 616 2891 eius
645 2833 676 2890 in
706 2825 792 2892 Oroo
821 2827 861 2891 ab
892 2827 1039 2891 heroibus
1070 2827 1144 2891 belli
1174 2827 1318 2907 Troiani,
1351 2825 1507 2889 bellorum

336 2934 549 3015 Persieorum
574 2933 613 2997 ab
638 2935 818 2999 Harmodio
843 2945 875 2997 et
891 2933 1113 3016 Aristogitone
1138 2943 1301 3016 reoeptum
1326 2945 1357 2996 et
1376 2943 1509 3014 propter

335 3042 423 3105 faeta
456 3063 514 3105 sua
547 3040 757 3105 admiratione
791 3041 908 3104 elatum
942 3043 990 3106 iri.
1037 3040 1087 3104 De
1120 3051 1250 3122 reoeptu
1283 3039 1508 3103 defunctorum

337 3148 423 3230 apud
446 3149 566 3212 inferos
591 3149 644 3211 alii
669 3170 796 3231 qnoque
820 3151 947 3230 agunt²,
976 3148 1015 3212 of.
1039 3147 1122 3211 Plat.
1144 3147 1268 3210 Menex.
1291 3145 1428 3228 lllble:
1453 3147 1508 3209 καὶ

336 3255 391 3318 ἐὰν
414 3257 472 3337 μὲν
495 3263 591 3319 ταῦτα
619 3256 849 3338 ἐπιτηδεύσητε,
877 3256 962 3337 φίλοι
989 3255 1076 3337 παρὰ
1104 3255 1215 3337 φίλους
1238 3257 1322 3337 ἡμᾶς
1345 3253 1507 3335 ἀφίξεσθε,

337 3363 412 3425 ὅταν
430 3364 514 3443 ὑμᾶς
532 3364 551 3445 ἡ
571 3365 780 3445 προσήκουσα
798 3369 896 3444 μοῖρα
914 3364 1045 3444 κομίσῃ·
1070 3362 1287 3444 ἀμελήσαντας
1303 3362 1337 3425 δὲ
1356 3362 1439 3442 ὑμᾶς
1453 3361 1509 3422 καί

337 3470 545 3539 κακισθέντας
564 3470 666 3538 οὐδεὶς
685 3470 827 3551 εὐμενῶς
845 3470 1036 3542 ὑποδέξεται.
1072 3467 1251 3531 Ρο1.614ε.
1285 3465 1383 3549 Apol.
1396 3465 1508 3538 40l41.

338 3573 436 3658 Soph.
454 3574 563 3656 Antig.
579 3595 609 3640 v.
624 3579 728 3656 71sq.,
748 3579 864 3658 89lsq.
906 3574 1021 3658 Itaque
1046 3572 1229 3656 Hyperides
1254 3593 1316 3637 non
1342 3573 1444 3637 solum
1468 3571 1508 3634 de

337 3683 404 3744 vita
428 3681 652 3745 defunctorum
676 3702 733 3763 per
756 3691 922 3763 aoooptam
947 3692 1109 3745 aeternam
1129 3681 1258 3761 famam,
1282 3679 1451 3743 sedetiam
1468 3678 1508 3742 de

338 3787 476 3870 quadam
510 3785 693 3851 umbrarum
722 3809 816 3851 sensu
843 3788 1061 3870 praeditarum
1089 3789 1155 3850 vita
1186 3789 1264 3869 agit,
1293 3807 1366 3850 uam
1395 3787 1507 3849 heroes

337 3893 553 3958 Leosthenem
586 3896 753 3977 somnient,
786 3893 1042 3974 admirabuntur,
1077 3915 1148 3957 enm
1177 3894 1258 3957 duee
1290 3891 1508 3974 militibusque

338 4010 462 4082 tempus
480 4001 604 4082 degent.
643 4000 694 4064 De
712 4022 774 4082 qua
791 4022 824 4065 ro
840 4001 921 4064 haee
937 4001 1060 4084 profert
1075 4000 1199 4064 Menas:
1219 3999 1299 4082 „Bei
1315 3999 1378 4063 den
1389 4008 1507 4062 werten

336 4108 372 4171 τὸ
401 4110 458 4190 ζῆν
486 4111 528 4179 είς
556 4110 685 4172 ἀιώνιον
713 4109 797 4180 τάξιν
819 4108 1032 4189 μεταλλάττειν
1057 4107 1169 4170 diirfan
1195 4108 1249 4169 wir
1278 4106 1366 4172 nieht
1390 4127 1429 4168 an
1456 4108 1507 4168 ain

338 4216 451 4295 ewiges
476 4214 567 4278 leben
592 4217 635 4277 im
660 4213 864 4277 ehristliohen
893 4217 982 4277 sinne
1007 4214 1148 4292 denken3
1178 4214 1235 4277 der
1258 4212 1373 4277 redner
1396 4210 1509 4295 glaubt

339 4320 506 4384 siohorlieh
533 4343 572 4384 an
597 4323 645 4384 ein
673 4320 795 4384 solehes
821 4341 855 4384 so
880 4323 989 4403 wenig,
1012 4323 1069 4384 wie
1094 4309 1227 4384 eroder
1245 4320 1358 4402 irgend
1377 4317 1508 4402 jemand

429 4482 438 4511 ¹
457 4480 491 4532 el.
512 4479 619 4545 (liram,
639 4481 656 4532 l.
670 4496 692 4532 o.
706 4495 732 4546 p.
747 4480 843 4546 228sq.
