3522 5436
715 592 937 651 ..23-

239 767 373 830 militnm
409 775 440 830 et
472 767 572 848 ipsius
611 765 700 829 ducis
734 764 978 829 accommodata
1014 767 1067 843 sit3
1106 775 1303 849 quapropter
1342 788 1416 830 eam

240 875 471 954 quaestionem,
500 875 581 937 sitne
611 873 690 936 haec
718 871 861 936 laudatio
890 871 1044 953 inaudita,
1068 893 1131 936 non
1160 881 1225 936 tarn
1255 886 1341 936 certe
1365 873 1416 937 di-

238 979 382 1043 iudicare
405 980 489 1045 licet.
521 978 685 1044 Prioribus
710 977 907 1061 temporibus
932 978 997 1042 dux
1019 981 1142 1043 occisus
1161 979 1300 1043 fortasse
1316 981 1413 1044 talem

239 1086 366 1149 landem
395 1096 560 1150 assecutos
589 1106 652 1150 non
683 1096 739 1167 est,
763 1096 869 1149 tamen
899 1086 974 1149 solis
1004 1084 1145 1148 moribus
1173 1088 1303 1150 mutatis
1333 1087 1415 1150 haec

239 1194 403 1257 innovatio
432 1213 508 1256 sane
538 1213 600 1256 non
629 1191 793 1275 probatur,
822 1213 892 1255 cum
923 1191 1105 1274 Hyperides
1134 1194 1202 1274 ipse
1231 1201 1341 1257 orator
1364 1195 1415 1257 in-

240 1308 407 1382 corruptus
442 1309 474 1362 et
505 1301 537 1362 in
571 1319 604 1361 re
638 1298 767 1381 publica
800 1298 881 1362 bene
910 1309 1054 1362 versatus
1087 1299 1184 1362 fuerit
1211 1309 1243 1363 et
1274 1301 1417 1363 maxime

238 1409 377 1488 priorem
407 1405 607 1469 Athenarum
640 1404 891 1486 magnitudinem
921 1404 1096 1469 admiratus
1126 1408 1175 1469 sit.
1222 1404 1415 1469 Leosthenis

239 1513 327 1576 iacta
350 1523 446 1594 atque
470 1533 556 1576 mors
579 1513 732 1594 plurimas
750 1533 863 1575 causas
886 1511 926 1574 ad
947 1513 1043 1575 talem
1063 1512 1190 1576 laudern
1206 1512 1415 1595 prabbebant.

240 1619 378 1683 Accedit
413 1628 588 1702 praeterea,
627 1619 714 1702 quod
750 1628 859 1682 orator
893 1622 961 1702 ipse
997 1619 1147 1682 factionis
1180 1618 1416 1683 Macedonibus

238 1725 375 1788 infestae
387 1727 492 1789 socius
504 1724 718 1789 etheostheni
729 1727 870 1788 amicitia
881 1727 1068 1789 coniunctus
1082 1739 1163 1789 erat:
1176 1729 1366 1809 ἐκοινώνησε
1379 1727 1417 1790 δὲ

239 1833 293 1895 καὶ
319 1833 501 1897 Λεωσθένει
528 1841 586 1896 τοῦ
614 1833 765 1914 Λαμικοῦ
791 1833 934 1915 πολέμου
964 1831 1129 1915 (Pa-Plus.
1149 1832 1245 1897 Vitae
1269 1832 1303 1896 X
1334 1843 1416 1898 orat.

238 1959 269 2020 p.
283 1940 394 2021 8496).
428 1939 544 2020 ltaque
560 1959 622 2002 non
640 1937 760 2020 dubit0,
779 1941 853 2022 quin
870 1937 1053 2022 Hyperides
1069 1949 1102 2002 et
1115 1942 1235 2021 pariter
1249 1939 1415 2003 auditores·

241 2045 322 2109 hanc
355 2044 481 2109 laudern
515 2047 663 2109 meritam
696 2067 766 2109 esse
799 2048 990 2110 censuerint.
1038 2044 1135 2129 Quod
1168 2044 1288 2111 Girard
1321 2045 1416 2110 dicit:

244 2153 372 2230 ,c’etait
396 2174 434 2215 en
459 2161 530 2216 tout
547 2173 600 2215 cas
617 2153 647 2215 la
666 2150 871 2215 substitution
890 2151 964 2216 d’un
981 2153 1108 2216 homme
1125 2160 1145 2216 a
1165 2154 1197 2216 la
1212 2155 1314 2236 patrie
1332 2152 1415 2216 dans

241 2280 301 2322 une
326 2261 483 2323 solennite
507 2258 623 2341 qu’elle
648 2262 734 2322 avait
757 2261 907 2322 instituee
935 2280 1018 2341 pour
1046 2260 1106 2323 6116
1129 2261 1259 2340 meme,u
1289 2280 1414 2342 nequeo

240 2367 269 2429 61
295 2368 450 2431 assentiri.
486 2365 569 2428 Nam
603 2365 750 2446 honores,
777 2368 999 2437 caerimoniae,
1024 2365 1225 2430 laudationes
1260 2365 1414 2429 funebres

240 2476 307 2536 sine
337 2471 434 2536 dubio
463 2475 494 2535 in
525 2471 749 2535 defunctorum
779 2473 933 2536 honorem
959 2475 1124 2537 institutae
1157 2483 1245 2551 sunt3
1277 2474 1414 2554 posteri-

241 2579 349 2644 oribus
373 2578 580 2661 temporibus,
603 2581 776 2662 praecipue
801 2578 1096 2660 declamationibus,
1125 2579 1164 2646 cf.
1189 2578 1270 2643 Plat.
1286 2578 1414 2642 Manen,

240 2684 921 2774 2370,-246a,etPs.-Lys.§§17-66‚
947 2708 1017 2751 cum
1039 2687 1115 2750 nulli
1140 2688 1237 2750 occisi
1259 2684 1412 2750 laudandi

239 2803 346 2857 essent
379 2793 554 2875 laudesque
587 2795 710 2874 patriae
745 2802 777 2856 et
809 2795 965 2856 maiorum
997 2795 1135 2857 maxime
1168 2795 1319 2873 valerent,
1351 2792 1415 2855 hoc

240 2901 391 2963 sollemne
416 2899 457 2962 ad
482 2903 618 2982 patriam
637 2898 813 2963 ornandam
833 2911 1020 2981 usurpatum
1038 2909 1094 2964 est.
1126 2900 1298 2964 Praeterea
1316 2901 1412 2962 etiam

240 3009 337 3070 ceteri
354 3007 470 3070 milites
486 3009 624 3070 maxime
635 3005 845 3087 celebrantur,
856 3005 941 3087 quod
955 3009 1090 3089 primum
1103 3008 1256 3070 orationis
1268 3005 1415 3069 funebris

241 3111 382 3176 officium
408 3122 469 3192 est3
494 3115 577 3176 inter
602 3134 656 3175 eos
681 3110 880 3176 Leosthenes
904 3115 1039 3194 primum
1064 3114 1168 3176 locum
1189 3121 1285 3193 tenet,
1304 3122 1412 3175 tamen

240 3219 428 3301 plerumque
453 3241 516 3283 una
535 3240 607 3282 cum
631 3219 784 3282 militibus
809 3221 999 3298 nominatur,
1020 3219 1059 3281 ci.
1076 3221 1115 3301 ξς
1134 3222 1342 3300 1,6,15,24‚
1361 3222 1415 3300 34,

240 3329 290 3404 35,
312 3329 362 3406 36,
385 3330 434 3390 39.
489 3323 619 3390 Oratori
654 3323 737 3388 bello
771 3325 868 3389 modo
901 3334 1032 3408 peracto
1067 3324 1236 3389 defunctos
1268 3324 1414 3389 laudanti

238 3434 394 3495 maximus
430 3433 531 3496 honos
564 3434 642 3515 ipsis
677 3453 777 3514 nuper
807 3432 966 3496 defunctis
1001 3431 1189 3495 tribuendus
1218 3443 1296 3513 crat,
1325 3431 1412 3514 quod

240 3540 437 3622 aliquantum
463 3539 547 3621 apud
573 3539 795 3621 Thucydidem
818 3538 973 3619 videmus,
998 3541 1048 3602 cui
1077 3548 1183 3602 tamen
1208 3559 1258 3602 res
1285 3537 1416 3621 publica

240 3645 422 3709 extollenda
446 3667 587 3709 summae
612 3667 706 3709 curae
732 3661 787 3710 est.
835 3645 1017 3729 Hyperides
1041 3658 1184 3710 mortuos
1208 3649 1310 3728 primo
1339 3647 1414 3709 loco

238 3755 337 3834 ponit,
367 3752 424 3815 scd
453 3754 547 3815 etiam
577 3755 622 3816 161
651 3751 798 3834 publicae
827 3751 968 3816 debitam
993 3752 1119 3816 laudern
1148 3752 1289 3835 praebet.
1336 3751 1411 3816 Rite

240 3859 296 3922 has
321 3860 525 3941 quaestiones
547 3861 679 3941 exponit
698 3858 740 3922 A.
757 3858 896 3923 Oroiset:
925 3859 973 3937 ,Il
993 3860 1050 3944 (sc.
1068 3859 1263 3943 Leosthene)
1283 3869 1332 3922 est
1351 3860 1414 3921 mis

239 3971 361 4048 apart,
385 3965 460 4029 hors
484 3986 571 4048 rang,
600 3986 681 4048 pour
708 3968 789 4029 ainsi
820 3966 895 4047 dire,
925 3975 957 4030 et
984 3985 1148 4049 presque
1174 3987 1227 4030 sur
1254 3967 1285 4028 la
1308 3968 1413 4028 meme

239 4073 323 4153 ligne
348 4072 400 4154 qu’
425 4071 571 4135 Athenas
596 4073 672 4136 elles
696 4075 830 4151 memes3
856 4093 935 4136 nous
960 4094 1096 4137 sommas
1120 4073 1185 4136 loin
1203 4071 1243 4136 de
1259 4073 1412 4135 l'oraison

238 4178 372 4242 funebre
398 4177 437 4242 de
462 4165 659 4261 Thucydide,
684 4199 761 4242 avec
786 4200 835 4242 scs
860 4180 954 4243 heros
978 4200 1151 4263 anonymos
1177 4189 1209 4243 et
1235 4180 1267 4242 la
1291 4177 1413 4261 grande

238 4286 342 4366 image
367 4283 406 4347 de
430 4286 460 4348 la
478 4287 539 4348 cite
558 4283 724 4348 dominant
740 4295 825 4363 tout3
849 4287 873 4349 11
889 4296 937 4349 est
953 4289 1084 4350 6111161111
1100 4285 1139 4350 de
1156 4289 1225 4350 voir
1243 4284 1412 4348 l’individu

238 4390 368 4472 grandir
392 4394 472 4454 ainsi
498 4391 577 4454 dans
600 4391 923 4456 l'amoindrissemcnt
946 4391 986 4456 de
1010 4394 1041 4456 la
1065 4393 1303 4458 collectivite.¹“

329 4551 338 4582 1
357 4549 390 4601 A.
398 4547 516 4602 Oroiset:
531 4549 654 4602 Histoire
665 4550 700 4602 de
712 4552 739 4603 la
749 4551 901 4604 litterature
911 4568 1037 4619 greeque,
1053 4551 1210 4617 Periclem,
1220 4549 1250 4604 Τ.
1258 4549 1309 4619 IV,
1317 4553 1412 4620 poll.
