3522 5436
668 583 888 643 -35-

182 759 281 822 locus
306 757 461 840 epitaphii
479 755 596 840 Lysiae
621 756 783 839 adscripti,
807 778 900 839 quem
919 765 1021 820 totum
1036 756 1113 820 mihi
1132 755 1245 820 afferre
1263 757 1367 820 liceat.

186 862 336 947 Ps.·Lys.
357 864 463 927 1174:
491 869 563 935 πῶς
592 862 737 934 δἀὐτοὺς
760 863 820 946 χρὴ
845 865 935 946 λῆξαι
957 871 1011 946 τῆς
1033 864 1151 945 ionem·
1178 865 1311 944 andrapon
1335 866 1368 928 ἐν

183 978 256 1042 ταῖς
288 979 342 1054 τῆς
374 972 499 1041 πόλεως
531 978 727 1053 συμφοραῖς;
760 971 837 1034 ἀλλὰ
870 971 937 1034 τότε
965 971 1071 1034 αὐτῶν
1104 971 1187 1040 εἰκὸς
1215 972 1268 1034 καὶ
1295 970 1367 1041 τοὺς

185 1079 306 1148 ἄλλους
342 1078 533 1160 μεμνῆσθαι.
589 1075 654 1141 ἀλλ’
688 1078 721 1141 ἐν
752 1084 818 1147 ταῖς
850 1079 1003 1160 εὐτυχίαις
1036 1083 1100 1148 ταῖς
1131 1084 1266 1156 κοιναῖς;
1300 1075 1365 1140 ἀλλ’

187 1185 305 1250 ἱκανὸν
333 1186 477 1267 λυπῆσαι,
505 1190 570 1248 τῶν
596 1185 655 1266 μὲν
684 1187 845 1266 σφετέρων
872 1186 991 1248 τέκνων
1014 1184 1281 1266 τετελευτηκότων,
1304 1189 1368 1248 τῶν

188 1293 226 1355 δὲ
256 1294 386 1366 ζώντων
410 1292 636 1356 ἀπολαυόντων
659 1298 713 1373 τῆς
735 1292 855 1354 τούτων
884 1291 1002 1373 ἀρετῆς.
1048 1289 1114 1353 ἀλλ’
1139 1291 1172 1353 ἐν
1195 1297 1257 1360 τοῖς
1280 1291 1367 1360 ἰδίοις

187 1399 358 1470 κινδύνοις,
383 1399 458 1462 ὅταν
481 1399 581 1479 δρῶσι
604 1397 676 1468 τοὺς
698 1398 757 1480 μὲν
779 1398 933 1479 πρότερον
956 1399 1048 1468 ὄντας
1066 1398 1178 1479 φίλους
1193 1398 1367 1479 φεύγοντας

187 1505 248 1588 τὴν
276 1507 382 1568 αὑτῶν
410 1505 553 1586 ἀπορίαν,
581 1504 654 1574 τοὺς
683 1502 711 1567 δ’
741 1504 879 1586 ἐχθροὺς
906 1506 987 1586 με’γο
1011 1509 1209 1585 φρονοῦντας
1232 1504 1282 1566 ἐπὶ
1303 1509 1368 1573 ταῖς

191 1613 372 1693 δυστυχίαις
394 1618 459 1682 ταῖς
481 1612 616 1687 τούτων;
642 1608 718 1692 Lyc.
736 1608 849 1674 Leocr.
868 1613 918 1674 69.

285 1718 433 1799 Denique
471 1715 680 1780 beatitudinis
720 1737 816 1780 causa
850 1729 906 1794 est,
946 1715 1033 1799 quod
1065 1714 1156 1780 liberi
1189 1716 1367 1798 exemplum

192 1828 334 1889 virorum
360 1826 552 1906 optimorum
576 1821 821 1886 aemulabuntur
845 1822 863 1908 ξ
887 1826 937 1888 32.
962 1822 1001 1885 de
1026 1841 1089 1904 quo
1113 1823 1186 1886 loco
1211 1822 1251 1886 of.
1273 1842 1369 1905 supra

192 1952 223 2012 p.
243 1936 292 1994 17.
333 1930 422 1994 Huic
446 1930 660 1995 cohortationi
679 1928 893 2012 Thucydides,
919 1929 958 1992 cf.
975 1929 1194 2009 naas-45,
1219 1939 1251 1992 et
1265 1928 1368 2009 Plato,

194 2037 236 2103 cf.
259 2037 383 2102 Menex.
404 2037 538 2119 248dle,
562 2038 633 2120 plus
657 2034 808 2120 ponderis
833 2035 964 2105 addunt.
1011 2033 1154 2100 Similem
1178 2037 1368 2100 sententiam

193 2145 322 2208 invenio
342 2143 438 2225 ,apud
467 2143 718 2207 Demosthenem
746 2141 838 2206 XIX
854 2146 931 2205 269:
961 2145 1022 2206 ἔστι
1046 2143 1073 2206 δ’
1098 2144 1181 2225 ὑμῖν,
1205 2141 1233 2206 ὦ
1257 2142 1369 2224 ἄνδρες

190 2252 362 2334 Ἀθηναῖοι,
396 2252 467 2332 περὶ
496 2252 618 2314 τούτων
645 2252 755 2333 μόνοις
782 2256 847 2314 τῶν
874 2251 1003 2314 πάντων
1030 2250 1218 2330 ἀνθρώπων
1245 2251 1369 2320 οἰκείοις

195 2358 334 2440 χρῆσθαι
356 2358 596 2439 παραδείγμασι,
619 2359 673 2420 καὶ
695 2356 767 2427 τοὺς
781 2357 969 2438 προγόνους,
993 2358 1049 2426 οὓς
1065 2357 1213 2420 ἐπαινεῖτε
1229 2356 1368 2428 δικαίως,

195 2466 280 2546 ἔργῳ
303 2465 475 2546 μιμεῖσθαι.

286 2570 378 2634 Haec
407 2591 481 2652 pars
511 2570 711 2634 concluditur
740 2568 758 2654 ξ
784 2573 825 2633 32
849 2567 968 2632 verbis:
998 2566 1129 2654 οὐκ[οῦν
1153 2569 1240 2643 ἄξων
1263 2569 1368 2632 εὐδαι-

196 2675 350 2763 μονί]ζειν
378 2675 505 2762 adhesit
533 2678 582 2742 ἐπὶ
610 2678 744 2760 τοσαύτῃ
773 2674 871 2762 τι]μῇ;
899 2675 974 2738 inde
1002 2677 1156 2738 transitur
1180 2673 1221 2738 ad
1245 2684 1368 2738 ceteros

199 2782 356 2846 defunctis
382 2782 583 2865 praebendos
607 2783 754 2855 honores,
777 2804 834 2867 per
858 2803 937 2865 quos
960 2782 1071 2846 felices
1095 2780 1180 2845 fient.
1228 2780 1369 2844 Primum

200 2900 255 2971 est,
278 2889 365 2973 quod
390 2889 408 2975 ξ
427 2895 468 2954 33
493 2911 512 2953 a
535 2892 639 2973 poetis
664 2899 696 2954 et
719 2887 899 2953 oratoribus
921 2887 1175 2953 celebrabuntur.
1215 2887 1265 2951 De
1283 2888 1367 2970 quali

198 2996 437 3078 praedicatione
455 2999 551 3060 etiam
568 2997 622 3059 alii
639 3005 782 3060 oratores
799 2998 993 3059 mentionem
1010 2994 1146 3058 faciunt:
1164 2993 1368 3075 Thucydides
1410 3071 1419 3096 .

199 3103 336 3183 1141,4
366 3105 450 3167 enim
474 3115 637 3167 asseverat
661 3103 799 3166 Athenis
822 3115 991 3184 poetarum
1014 3101 1163 3165 laudibus
1187 3101 1264 3165 nihil
1289 3121 1368 3183 opus

201 3229 276 3290 esse,
294 3231 365 3272 cum
381 3219 512 3292 propter
527 3230 578 3272 res
594 3219 700 3290 gestes
717 3228 843 3291 semper
859 3206 1005 3271 omnibus
1023 3207 1227 3271 admirationi
1241 3207 1368 3271 futurae

202 3318 269 3381 sint.
316 3316 409 3380 Plato
438 3315 563 3379 Menex.
582 3315 707 3399 239ch
739 3314 779 3378 de
811 3314 874 3378 hoc
906 3324 1072 3396 poetarum
1102 3335 1190 3378 more
1219 3315 1369 3396 loquitur.

202 3421 432 3505 Ps-LysiasII
446 3427 510 3503 2,3
535 3421 672 3504 profert:
696 3423 784 3496 ἄξιον
807 3423 867 3504 γὰρ
890 3428 983 3485 πᾶσιν
1006 3422 1191 3502 ἀνθρώποις
1214 3423 1370 3485 κάκείνων

201 3532 389 3613 μεμνῆσθαι,
414 3531 589 3612 ὑμνοῦντας
610 3530 669 3611 μὲν
692 3531 725 3593 ἐν
748 3536 812 3599 ταῖς
834 3529 942 3610 ᾠδαῖς,
965 3529 1110 3611 λέγοντας
1134 3527 1162 3592 δ’
1180 3529 1212 3594 ἐν
1227 3535 1290 3598 τοῖς
1304 3534 1369 3591 τῶν

203 3638 335 3718 ἀναδῶν
358 3638 534 3718 ἐγκωμίοις.
576 3635 873 3714 poeniturus,
892 3638 969 3699 186:
993 3637 1036 3706 τίς
1059 3634 1119 3716 γὰρ
1143 3638 1162 3718 ἢ
1186 3641 1369 3699 tmanatala

204 3744 387 3825 δυναμένων
411 3746 430 3825 ἢ
454 3749 517 3806 τῶν
541 3744 638 3824 λέγειν
662 3744 876 3824 ἐπισταμένων
900 3743 938 3805 οδ
956 3745 1079 3824 ποιήσει
1094 3741 1148 3805 καὶ
1163 3742 1369 3823 φιλοσοφήσει

203 3850 394 3932 βουλόμενος
416 3851 483 3931 ἅμα
506 3857 560 3932 τῆς
582 3847 617 3913 δ’
642 3851 739 3913 αὑτοῦ
765 3850 904 3920 διανοίας
931 3850 985 3912 καὶ
1012 3855 1066 3931 τῆς
1099 3850 1227 3913 ἐκείνων
1259 3849 1370 3932 ἀρετῆς

204 3963 351 4039 μνημεῖον
375 3958 417 4026 εἰς
440 3944 560 4020 ἅπαντα
584 3956 637 4019 τὸν
659 3956 775 4038 χρόνον
798 3956 985 4019 καταλιπεῖν.
1009 3954 1040 4017 V
1054 3957 1115 4019 144
1123 3956 1143 4016 ¹.

289 4061 416 4126 Deinde
446 4062 628 4145 Hyperides
662 4083 724 4126 non
754 4061 880 4125 dubitat
908 4061 1014 4126 dicere
1043 4061 1104 4124 hoc
1128 4060 1244 4124 bellum
1268 4062 1369 4142 magis

206 4167 284 4232 bello
317 4168 457 4232 Troiano
491 4167 684 4232 celebratum
718 4170 756 4230 iri
792 4205 832 4215 -
866 4168 905 4231 ad
939 4189 1035 4250 quam
1069 4169 1258 4231 sententiam
1286 4166 1370 4231 inira

206 4277 337 4358 §35y36
363 4276 530 4338 revertitur
552 4313 596 4321 -
619 4274 810 4357 laudemque
834 4276 968 4338 militum
992 4295 1049 4357 per
1073 4282 1173 4337 totam
1199 4271 1368 4338 Graeciam

206 4383 362 4464 vulgatum
387 4384 434 4445 iri.
470 4381 510 4445 of.
527 4379 669 4464 Ps.-Lys.
686 4380 785 4445 1176.

292 4539 469 4609 ιρι-σιω.
490 4538 587 4610 nxey.
1177 4609 1209 4663 3.
