3522 5436
873 1482 1028 1556 εὔρίακεται
1047 1483 1076 1538 δὲ
1095 1483 1111 1555 ἡ
1131 1481 1248 1556 ἀλήθεια

873 1571 903 1627 ἐκ
922 1579 975 1626 τῶν
995 1571 1115 1628 εἰκότων.
1136 1603 1170 1611 -
1189 1571 1288 1650 Aesch.
1306 1570 1321 1624 Ι
1336 1573 1378 1624 91.

295 1713 418 1779 Nuntio
443 1714 483 1778 de
511 1725 614 1778 morte
638 1715 817 1779 Alexandri
840 1715 1028 1780 Macedonis
1053 1718 1239 1798 pervulgato
1261 1713 1379 1780 Graeci

206 1827 290 1886 no'va
318 1821 473 1886 libertatis
499 1843 554 1906 spe
577 1824 699 1885 incensi
724 1821 906 1886 Leosthene
932 1831 964 1886 et
986 1822 1152 1906 Hyperide
1176 1825 1313 1885 maxime
1338 1821 1379 1885 ad

205 1927 324 1992 bellum
349 1928 587 2011 suscipiendum
609 1928 820 1993 excitantibus
838 1951 962 1993 summa
979 1931 1183 1993 contentione
1200 1928 1378 1992 Athenien-

206 2033 293 2098 sibus
311 2033 445 2098 dnoibus
462 2037 570 2117 iugum
589 2036 715 2099 deicere
733 2038 839 2100 conati
856 2047 939 2102 sunt.
972 2036 1115 2118 Populus
1132 2035 1379 2099 Atheniensium

98 2163 101 2166 ·
206 2143 381 2204 exercitum
410 2144 711 2224 mercennariorum,
741 2163 836 2225 quem
863 2141 1063 2206 Leosthenes
1092 2145 1216 2225 priuato
1245 2142 1378 2206 oonsilio

200 2258 427 2330 comparatum
461 2247 504 2311 ad
537 2247 718 2312 Taenarum
750 2246 1006 2332 promunturium
1046 2248 1194 2330 hahebat,
1232 2248 1379 2312 mercede

206 2354 386 2418 conducere
413 2354 562 2435 decrevit,
591 2356 695 2437 ipsum
719 2354 936 2419 Leosthenem
956 2355 1069 2419 ducem
1098 2357 1256 2419 exercitus
1276 2354 1379 2418 Athe-

208 2463 366 2524 niensium
391 2463 520 2542 oreavit,
546 2482 655 2525 omnes
675 2464 760 2526 oives
783 2462 941 2544 usquead
967 2483 1084 2526 annum
1102 2462 1379 2545 quadragesimum

128 2565 130 2568 ’
206 2568 351 2631 militiam
384 2569 468 2632 ferre
500 2568 765 2649 iussit,·olassem
789 2578 951 2632 exstruere
980 2570 1155 2650 coustituit,
1183 2568 1225 2631 ad
1256 2579 1379 2633 ceteros

207 2671 351 2746 Graecos
371 2676 494 2756 legatos
518 2676 612 2756 misit,
637 2677 691 2756 qui
716 2677 907 2756 nuntiarent,
930 2679 977 2740 ὅτι
997 2677 1050 2740 καὶ
1065 2676 1219 2758 πρότερον
1234 2678 1252 2739 ὀ
1270 2677 1379 2758 δῆμος,

205 2771 260 2864 τὴν
273 2782 408 2846 Ἑλλάδα
424 2789 529 2846 πᾶσαν
544 2783 654 2865 κοινὴν
671 2784 748 2846 εἶναι
763 2784 898 2864 πατρίδα
914 2785 1033 2864 κρίνων
1048 2789 1112 2846 τῶν
1125 2783 1291 2865 Ἑλλήνων,
1307 2783 1379 2852 τοὺς

206 2891 256 2952 ἐπὶ
276 2889 420 2953 δουλείαν
444 2891 731 2972 στρατευσαμένους
753 2891 938 2972 βαρβάρους
961 2891 1102 2972 ἠμύνατο
1126 2889 1205 2952 κατὰ
1223 2890 1380 2954 θάλατταν

168 3019 170 3022 ·
205 2997 259 3059 καὶ
286 3003 343 3059 νῦν
366 2997 459 3060 οἴεται
488 2997 552 3060 δεῖν
579 2996 659 3078 ὑπὲρ
682 3004 736 3078 τῆς
763 3004 872 3080 κοινῆς
894 3002 958 3060 τῶν
973 2996 1131 3079 Ἑλλήνων
1147 2998 1302 3078 σωτηρίας
1325 2996 1379 3059 καὶ

206 3103 334 3184 σώμασι
344 3103 398 3166 καὶ
410 3103 549 3185 χρήμασι
558 3103 612 3166 καὶ
624 3103 716 3167 ναυσὶ
727 3103 981 3183 προκινδυνεύειν
992 3099 1306 3185 (Diod.Sic.XVIII
1316 3103 1378 3185 10).

296 3207 432 3272 Duobus
451 3208 580 3291 proeliis
597 3210 700 3291 primo
716 3210 748 3271 in
765 3208 913 3288 Boeotia,
937 3209 977 3272 of.
991 3208 1078 3292 Hyp.
1095 3210 1169 3292 epit.
1186 3207 1204 3293 ξ
1223 3212 1261 3272 11
1280 3207 1378 3290 (apud

206 3313 356 3378 Plataeas
384 3315 511 3378 factum
539 3335 608 3378 esse
641 3324 772 3397 propter
806 3315 902 3381 Diod.
927 3313 989 3380 Sic.
1012 3315 1140 3379 XVIII
1158 3319 1244 3396 11,5
1269 3314 1380 3378 dicunt

205 3420 248 3486 A.
280 3419 483 3486 Schaefer:
525 3420 780 3500 „Demosthenes
814 3421 879 3485 und
912 3425 999 3486 seine
1031 3421 1123 3485 Zeis*
1159 3421 1229 3485 111²
1253 3443 1284 3504 p.
1306 3426 1378 3503 363,

206 3527 238 3592 J.
260 3527 419 3592 Beloch:
448 3505 686 3608 ⁸,Grieohisohe
720 3525 933 3593 Gesohiohte“
961 3529 1042 3592 IIIi
1069 3551 1097 3611 p.
1121 3531 1244 3612 rasta),
1278 3531 1378 3592 altero

206 3634 291 3716 apud
312 3633 553 3718 Thermopylas,
578 3634 618 3698 cf.
641 3634 728 3718 Hyp.
752 3637 826 3717 epit.
851 3634 960 3720 §§12‚
982 3640 1031 3717 18,
1054 3636 1192 3699 feliciter
1215 3635 1378 3717 confectis,

205 3738 414 3808 Leosthenes.
444 3743 498 3824 qui
529 3741 683 3823 plurimos
717 3743 821 3805 socios
855 3741 915 3806 sihi
949 3741 1145 3822 adiunxerat,
1170 3741 1378 3825 Antipatrum

207 3843 377 3911 Graeciam
406 3850 526 3911 intrare
555 3847 727 3930 prohibuit,
755 3850 903 3931 reppnht,
933 3851 1017 3912 intra
1051 3847 1196 3912 Lamiam
1226 3848 1378 3931 oppidum

207 3952 374 4017 obsidione
399 3955 521 4020 clausit.
553 3953 634 4018 Tum
659 3953 874 4018 Athenienses
899 3957 967 4038 spei
991 3957 1148 4018 maximae
1169 3957 1254 4038 pleni
1279 3963 1378 4036 erant,

207 4071 239 4123 et
270 4081 304 4122 re
338 4082 413 4124 vera
445 4059 654 4143 Leosthenes,
688 4061 739 4124 oui
772 4081 882 4125 omnes
922 4064 1021 4125 ceteri
1053 4063 1132 4125 socii
1165 4064 1379 4144 principatum

207 4177 440 4248 concesserant,
463 4187 531 4230 rem
552 4169 670 4250 optime
687 4169 793 4250 gessit.
824 4167 884 4232 Ille
904 4171 989 4232 enim
1008 4167 1049 4230 ad
1066 4167 1183 4231 bellum
1201 4168 1378 4250 impulerat,

205 4273 259 4337 illo
283 4276 520 4337 mercennarios
549 4274 755 4352 conduxerat,
783 4274 836 4337 ille
861 4275 1000 4357 donique
1030 4295 1139 4338 omnes
1170 4277 1274 4338 socios
1304 4294 1378 4338 con-

206 4382 354 4444 iunxerat
378 4391 409 4444 et
432 4379 695 4462 inflammaverat,
720 4380 839 4462 quade
857 4402 954 4445 causa
975 4383 1042 4444 sine
1059 4380 1156 4444 dnbio
1174 4383 1241 4445 eius
1258 4382 1378 4444 meritis

206 4507 256 4550 res
296 4507 334 4551 eo
374 4485 514 4551 deducta
552 4497 609 4569 est,
651 4499 688 4549 ut
726 4486 900 4570 Antipater
937 4490 1001 4550 iam
1048 4487 1088 4560 de
1134 4508 1214 4569 pace
1261 4497 1378 4569 ageret,
