3522 5436
702 598 924 657 ..41-

315 772 465 842 πολλάκις
486 773 561 854 ύμῖν
584 772 656 846 ἐξὸν
680 775 739 836 οὐκ
764 773 945 856 ἠθελήσατε,
969 772 1034 836 ἀλλ’
1060 772 1098 837 ἵν’
1122 777 1154 838 ολ
1175 776 1263 839 ἄλλοι
1281 777 1399 858 τύχωσι

315 883 379 941 τῶν
416 879 557 952 δικαίων,
594 879 630 942 τὰ
663 880 743 961 ὑπὲρ
776 881 882 943 αὐτῶν
914 879 1085 962 ἀνηλίσκετ’
1119 883 1314 964 εἰσφέροντες
1345 884 1398 945 καὶ

315 987 593 1066 προυκινδυνεύετε
612 988 858 1068 στρατευόμενοι.
894 985 945 1049 VI
958 990 1007 1066 11,
1021 985 1160 1050 XHIa:
1180 993 1237 1052 νῦν
1256 989 1290 1052 δὲ
1307 1012 1397 1069 πριο·

315 1092 411 1156 τεύειν
442 1092 501 1174 μὲν
532 1094 620 1173 ὑμεῖς
652 1094 775 1166 ἀξιοῦτε
806 1094 920 1156 καὶτὰ
944 1093 1036 1157 δίκαι’
1061 1095 1174 1175 ὁρίζειν
1201 1101 1263 1164 τοῖς
1286 1095 1397 1166 ἄλλοις.

315 1196 467 1279 XVIII,
496 1197 643 1262 Vinea
677 1197 808 1280 (de).
862 1199 963 1265 Isocr.
990 1199 1103 1280 Wac,
1136 1203 1187 1280 80,
1214 1204 1397 1281 103-106,

315 1304 443 1388 Vitta,
469 1304 637 1371 V111931.

158 1461 162 1468 ·
225 1426 393 1516 111.τ]οῖς
417 1430 451 1494 δὲ
474 1427 578 1517 ῑδιλοις
600 1431 757 1502 κινδύνοις
780 1427 848 1516 κα]λ
872 1429 1039 1517 δαπάναι[ς
1062 1431 1170 1514 κοινὴν
1193 1429 1313 1517 ἄδει]αν
1335 1438 1398 1502 τοῖς

308 1534 466 1622 Ἔλληλσιν
481 1534 789 1622 παρασκευλάζουσα.
815 1534 906 1618 Quae
920 1539 1078 1601 sententia
1091 1539 1186 1601 etiam
1199 1538 1396 1619 frequentius

314 1644 475 1707 invenitur
503 1653 535 1707 et
558 1645 653 1707 variis
677 1645 854 1707 illustratur
878 1644 1045 1726 exemplis:
1070 1643 1273 1708 Amazonum
1298 1643 1397 1722 clade,

314 1747 404 1812 belbe
419 1748 553 1813 Persicis
570 1760 629 1814 etc.
655 1749 832 1833 Praecipue
849 1749 1028 1813 affirmatur
1038 1750 1254 1814 Athenienses
1267 1771 1397 1814 censere

315 1865 415 1919 totam
440 1853 612 1921 Graeciam
642 1877 842 1920 communem
872 1859 1013 1920 omnium
1038 1853 1235 1922 Graecorum
1259 1859 1397 1939 patriam

314 1983 392 2044 esse,
426 1983 489 2046 qna
523 1962 562 2025 de
596 1984 693 2027 cansa
726 1984 789 2028 nen
824 1965 926 2028 solum
959 1964 1074 2045 cuique
1108 1965 1229 2027 civitati
1263 1963 1302 2026 de
1332 1966 1396 2027 suis

313 2071 451 2152 propriis
471 2067 588 2151 ¹rebus,
628 2068 685 2134 sed
718 2072 814 2134 etiam
848 2069 887 2133 dc
927 2073 1094 2134 universae
1132 2072 1255 2152 patriae
1294 2071 1396 2134 salute

314 2175 518 2258 cogitandum
537 2197 615 2242 esse.
642 2173 843 2259 Quamquam
862 2197 923 2240 non
941 2197 991 2240 me
1007 2177 1090 2259 fugit
1106 2176 1188 2240 hanc
1205 2179 1395 2241 sententiam

313 2283 532 2364 pervulgatam
557 2303 635 2364 esse,
664 2285 753 2346 cuius
776 2285 824 2346 rei
848 2283 994 2365 exempla
1016 2283 1101 2347 infra
1125 2282 1265 2363 afferam,
1289 2297 1396 2347 tamen

313 2391 450 2453 maxime
488 2387 654 2472 probabile
687 2389 766 2452 mihi
798 2388 924 2452 ridetur
956 2388 1155 2473 Hyperidem
1189 2392 1285 2454 etiam
1317 2389 1395 2452 iilud

314 2495 478 2560 decretum
501 2498 688 2579 respexisse,
713 2495 752 2559 de
775 2498 917 2578 quoiam
937 2517 956 2559 a
972 2495 1118 2562 Diodoro
1136 2495 1199 2562 Sic.
1215 2496 1343 2560 XVIII
1355 2500 1395 2560 10

313 2613 438 2667 servato
464 2624 560 2686 supra
583 2626 612 2686 p.
631 2608 648 2666 7
672 2605 735 2685 egi:
760 2605 779 2667 δ
799 2605 901 2686 δῆμος
916 2653 923 2669 .
940 2654 947 2669 .
964 2653 970 2667 .
987 2606 1040 2669 καὶ
1055 2611 1112 2668 νῦν
1128 2607 1221 2669 οἴεται
1238 2605 1301 2668 δεῖν
1316 2605 1396 2686 ὑπὲρ

312 2718 366 2794 τῆς
388 2718 496 2793 κοινῆς
518 2716 582 2774 τῶν
601 2711 761 2794 Ἑλλήνων
784 2713 941 2793 σωτηρίας
962 2712 1016 2775 καὶ
1039 2714 1165 2794 σώμασι
1185 2713 1239 2775 καὶ
1257 2714 1396 2795 χρήμασι

312 2818 364 2881 καί
388 2819 479 2881 ναυσὶ
501 2819 764 2899 προκινδυνεύειν.
812 2815 894 2882 Cum
917 2820 986 2899 ipsa
1010 2820 1095 2881 enim
1120 2820 1204 2881 cives
1229 2829 1261 2881 et
1285 2839 1394 2880 omnes

314 2921 456 2989 Graecos
473 2923 514 2986 ad
531 2923 650 2988 bellum
666 2924 903 3006 suscipiendum
919 2927 1108 3006 incitaverit,
1128 2945 1190 2988 non
1208 2923 1394 2988 incredibile

312 3029 439 3094 videtur
475 3051 547 3093 eum
585 3032 681 3094 etiam
718 3031 792 3094 huic
828 3032 1005 3113 legatorum
1040 3030 1191 3095 mandato
1226 3029 1394 3094 scribendo

313 3137 454 3201 adfuisse
476 3148 507 3200 et
526 3139 590 3200 iam
606 3136 719 3200 eadem
735 3140 893 3201 sententia
910 3137 951 3200 ad
968 3140 1129 3200 civitatem
1145 3125 1392 3220 praedicandam

313 3264 403 3306 usum
442 3265 520 3324 esse,
559 3252 594 3306 ut
633 3242 866 3306 demonstraret
900 3265 968 3307 rem
999 3243 1161 3325 publicam
1193 3245 1295 3326 ipsam
1329 3247 1393 3306 suis

313 3351 453 3414 consiliis
487 3351 691 3434 (προαίρεσις)
723 3348 850 3414 fidelem
884 3349 989 3415 denuc
1019 3353 1083 3414 suis
1107 3352 1256 3434 periculis
1281 3363 1312 3413 et
1336 3369 1393 3412 suo

312 3467 439 3539 sumptu
478 3456 579 3541 (ἰδίοις
611 3458 768 3529 κινδύνοις
799 3459 853 3524 καὶ
886 3458 1052 3541 δαπάναις)
1091 3458 1226 3520 salutem
1259 3468 1394 3520 cunctae

313 3561 470 3627 Graeciae
508 3561 753 3627 confirmavisse.
811 3562 956 3627 Eandem
994 3565 1185 3628 sententiam
1218 3584 1314 3645 saepe
1347 3565 1394 3625 in·

311 3670 482 3752 venimus¹‚
516 3669 556 3735 cf.
579 3669 679 3734 Thuc.
702 3669 802 3750 1139,
833 3675 860 3736 l.
907 3669 989 3735 Plat.
1014 3669 1138 3734 Menex.
1163 3669 1262 3749 atah,
1296 3675 1393 3750 242ε,

311 3883 321 3914 ¹
340 3881 455 3949 Aliquid
474 3881 562 3935 simile
581 3882 690 3935 invenio
710 3882 737 3934 in
756 3882 804 3934 illa
824 3882 898 3949 apud
916 3880 1067 3935 Isocratem
1086 3883 1126 3934 rei
1144 3882 1271 3949 publicae
1292 3881 1393 3934 ordinis

222 3985 284 4021 cum
311 3970 401 4022 animo
431 3971 645 4037 comparatione,
675 3971 710 4022 ci.
731 3968 788 4024 VH
799 3972 832 4022 14
855 3975 882 4023 et
905 3969 1039 4024 xmae:
1067 3978 1140 4025 πᾶσα
1167 3973 1291 4025 πολιτεία
1320 3967 1393 4042 ψυχὴ

221 4054 323 4119 πόλεώς
343 4058 406 4124 ἐστι,
427 4057 561 4131 τοσαύτην
576 4060 672 4133 ἔχουσα
692 4057 818 4134 δύναμιν,
838 4056 904 4132 δ’σην
922 4080 975 4134 περ
995 4059 1025 4115 ἐν
1044 4058 1147 4134 σώματι
1166 4057 1303 4130 φρόνησις·
1324 4054 1393 4129 αὕτη

221 4144 275 4219 γάρ
289 4146 362 4202 ἐστιν
375 4147 390 4219 ἦ
405 4149 590 4222 βουλευομένη
603 4151 666 4220 περὶ
679 4147 814 4218 ἁπάντων,
827 4151 874 4202 καὶ
887 4146 920 4204 τὰ
932 4149 986 4223 μὲν
999 4146 1095 4219 ἀγαθὰ
1108 4145 1332 4216 διαφυλάττουσα,
1348 4145 1394 4207 τὰς

222 4236 252 4290 δὲ
266 4234 408 4310 συμφορὰς
421 4234 617 4307 διαφεύγουσα,
637 4239 684 4291 καὶ
704 4235 813 4292 πάντων
832 4237 905 4292 αἰτία
921 4240 974 4292 τῶν
993 4245 1051 4298 ταῖς
1069 4235 1162 4291 πόλεσι
1181 4234 1392 4310 συμβαινόντων.

309 4343 320 4374 ¹
339 4343 434 4395 Afferc
449 4343 531 4396 etiam
545 4344 629 4409 locos,
649 4345 746 4411 quibus
760 4345 859 4398 civium
873 4346 930 4397 sive
942 4346 1060 4398 militnm
1073 4345 1107 4397 de
1120 4344 1247 4397 libertate
1261 4343 1392 4396 Graeciae

220 4431 318 4484 merita
340 4438 525 4498 exponuntur,
549 4449 611 4484 cum
629 4449 672 4485 res
691 4433 765 4486 iussu
785 4435 880 4501 populi
900 4434 934 4487 ab
955 4434 1075 4486 exercitu
1093 4437 1187 4502 gestae
1206 4434 1245 4486 rei
1267 4432 1392 4500 publicae

221 4520 335 4572 consilio
355 4519 443 4572 factae
463 4522 523 4573 sint.
