3522 5436
443 1306 473 1386 1.
502 1304 570 1387 Da
599 1306 854 1410 argumenti
883 1305 1189 1409 dispositione.

318 1467 497 1564 Dispositio
514 1484 692 1563 argumenti
706 1483 860 1545 orationis
877 1490 1014 1562 nostrae,
1024 1484 1114 1545 cuius
1126 1482 1214 1571 locos
1228 1480 1402 1546 secundum

226 1588 403 1652 editionem
428 1587 654 1670 Oxoniensem,
678 1609 775 1671 quam
799 1609 826 1651 a.
849 1593 931 1652 1906
957 1587 1096 1671 Kenyou
1123 1590 1254 1667 curavit,
1271 1587 1401 1652 afferam

225 1695 308 1758 haec
332 1705 388 1761 est.

287 1926 318 1992 Ι.
343 1925 574 1992 Prooemium
600 1927 652 2008 (ἐξ
679 1925 777 2009 1-2)
803 1925 1026 2007 complectitur
1050 1924 1128 1987 duas
1153 1927 1341 1988 sententias:

228 2074 256 2132 1.
280 2066 435 2131 Defuncti
460 2069 544 2130 viros
568 2067 669 2130 fortos
694 2068 822 2149 (ἄνδρες
846 2069 977 2149 ἀγαθοί)
1002 2088 1035 2130 se
1059 2065 1275 2148 praebuerunt
1299 2088 1401 2148 neque

280 2196 420 2258 unquam
444 2195 495 2238 res
520 2175 671 2237 clariores
688 2177 774 2237 visae
800 2185 874 2236 sunt
896 2175 1036 2256 (πράξεις
1050 2175 1402 2258 μεγαλοπρεπεστέρας).

228 2284 257 2346 2.
283 2277 356 2362 Qua
390 2280 428 2344 de
463 2301 560 2344 causa
594 2289 703 2344 orator
734 2282 856 2361 metuit,
888 2301 926 2342 ne
960 2279 1057 2343 verba
1090 2301 1148 2363 pro
1181 2279 1275 2343 rebus
1304 2283 1401 2361 gestis

279 2387 432 2450 inferiora
455 2387 634 2468 videantur,
658 2386 714 2450 sed
739 2397 847 2468 sperat
870 2386 1046 2468 audientes,
1070 2389 1157 2468 ipsos
1178 2386 1402 2450 defunctorum

279 2495 404 2557 virtutis
416 2505 523 2573 testes,
534 2514 592 2576 pro
607 2515 639 2556 se
651 2514 809 2575 quemque
821 2493 861 2556 ab
876 2503 1002 2556 oratore
1014 2495 1132 2556 omissa
1146 2493 1311 2557 addituros
1324 2515 1401 2557 esse.

318 2600 388 2664 [am
416 2603 449 2663 iu
478 2602 539 2663 hac
563 2602 666 2683 prima
695 2602 854 2664 sententia
879 2603 1022 2681 quamvis
1051 2602 1083 2662 in
1107 2622 1229 2684 papyro
1255 2601 1401 2664 mutilata

225 2708 403 2771 invenimus
431 2707 510 2771 duas
534 2729 594 2788 res,
623 2706 738 2789 quibus
768 2707 911 2770 laudatio
941 2707 1030 2770 ducis
1060 2719 1156 2789 atque
1184 2707 1320 2770 militurn
1354 2710 1400 2769 in-

226 2816 350 2878 nititur:
376 2817 525 2878 virtutem
550 2823 582 2878 et
604 2835 654 2878 res
679 2824 794 2895 gestas.

316 2918 412 3003 Quod
443 2930 551 2984 orator
580 2921 657 2984 dicit
691 2942 754 2984 non
787 2921 882 2984 facile
913 2943 982 2984 esse
1012 2923 1135 2985 occisos
1165 2920 1273 2984 debita
1306 2920 1401 2983 laude

227 3048 339 3092 ornare
364 3037 517 3109 metuens,
543 3050 582 3091 no
606 3030 760 3091 memoria
777 3028 1002 3091 defunctorum
1027 3049 1064 3090 eo
1088 3029 1187 3090 minui
1209 3029 1320 3108 possit,
1344 3026 1401 3089 sed

226 3136 360 3217 opponit
376 3135 539 3198 auditores
562 3137 649 3217 ipsos
675 3137 793 3198 omissa
816 3134 982 3198 addituros
1007 3157 1085 3216 esse,
1110 3133 1280 3197 manifeste
1304 3132 1400 3197 bene-

225 3243 398 3305 volentiam
423 3250 541 3324 captat.

313 3348 389 3412 Hoc
417 3351 616 3430 prooemium
644 3350 801 3411 rationem
827 3350 980 3412 orationis
1005 3347 1148 3412 funebris
1173 3359 1205 3411 et
1229 3350 1399 3430 praecipue

225 3454 317 3518 huius
335 3455 490 3538 epitaphii
507 3457 626 3538 optimo
644 3455 864 3518 demonstrare
882 3457 958 3518 mihi
975 3454 1115 3519 videtur:
1135 3454 1306 3518 adhibetur
1316 3457 1399 3517 enim

226 3559 266 3624 ad
290 3563 476 3625 memoriam
501 3574 698 3626 mortuorum
721 3562 898 3626 ornandam
919 3574 958 3644 et,
977 3563 1101 3624 etiarnsi
1124 3570 1233 3624 orator
1254 3561 1399 3624 modeste

225 3667 265 3730 de
289 3679 357 3732 arte
382 3690 439 3732 sua
459 3669 609 3751 loquitur,
634 3668 675 3731 ad
700 3668 783 3731 hanc
804 3671 907 3752 ipsam
929 3678 1030 3732 artem
1051 3667 1287 3751 praestandam.
1334 3667 1399 3731 Ros

225 3785 329 3856 gestas
368 3775 408 3838 ad
446 3778 492 3839 rei
531 3774 679 3858 publicae
714 3777 854 3840 rationes
888 3777 1023 3859 amplius
1063 3775 1182 3838 referre
1217 3774 1399 3857 Hyperides

226 3903 287 3945 non
312 3881 429 3945 studet.

311 4039 355 4093 De
378 4057 479 4108 genere
509 4041 663 4094 orationum
690 4041 846 4094 funebrium
871 4042 988 4109 amplius
1012 4045 1111 4108 agunt:
1138 4039 1166 4092 J.
1185 4039 1216 4093 L.
1236 4038 1398 4093 Ohaillet:

224 4127 455 4194 morationibus,
467 4147 537 4198 quae
548 4129 667 4183 Athenis
677 4131 706 4182 in
716 4129 859 4182 funeribus
872 4130 990 4197 publicis
1000 4129 1182 4194 habebantur,
1197 4129 1260 4181 diss.
1272 4127 1398 4196 Lugdun.

226 4218 301 4270 1891.
315 4249 350 4258 -
369 4217 400 4272 ic.
415 4218 612 4273 Gossmenn:
634 4219 817 4288 Quaestiones
832 4219 867 4271 ad
881 4218 1048 4271 Graecorum
1068 4219 1223 4270 orationum
1242 4218 1399 4270 funebrium

224 4308 339 4360 formam
353 4309 535 4375 pertinentes,
548 4309 611 4360 diss.
626 4308 645 4361 J
648 4325 689 4360 en.
702 4308 778 4360 1908.
793 4339 827 4347 -
840 4307 874 4360 R.
886 4306 1057 4360 Nitzsche:
1069 4291 1146 4360 iiber
1156 4307 1200 4359 die
1210 4306 1399 4374 griechischen

225 4394 380 4450 Grabreden
402 4397 452 4449 der
470 4397 638 4450 kiassiachen
658 4397 720 4450 Zeit
741 4397 868 4463 (Aitenb.
882 4396 989 4464 Progr.)
1011 4396 1087 4448 1901.
1108 4427 1142 4435 -
1161 4395 1198 4448 Η.
1213 4395 1334 4449 Menas:
1353 4396 1398 4449 An

224 4486 355 4539 aiiischen
375 4485 621 4554 Kriegergriibern‚
641 4485 709 4540 Beil.
730 4503 779 4538 zur
797 4485 872 4552 alig.
886 4485 956 4537 Zeit.
986 4486 1011 4537 2.
1025 4485 1081 4537 biai
1095 4485 1172 4537 laea.
