3522 5436
864 589 1084 648 ..16-

388 762 475 826 ἓοτιν.
521 759 631 824 Nihilo
660 763 764 824 minus
794 761 856 824 hoc
880 763 910 825 ei
934 782 996 826 non
1022 764 1099 826 satis
1124 774 1181 846 est,
1206 763 1271 844 sed,
1297 773 1331 826 ut
1355 762 1578 827 beatitudinis

388 867 658 951 praedicationem
683 869 807 950 longius
832 867 995 950 perducat,
1021 870 1247 934 salutationem
1264 868 1456 934 Leosthenis
1480 872 1577 934 cius·

387 995 448 1056 que
487 995 559 1038 oum
596 973 750 1038 militibus
788 977 886 1038 vitam
923 977 956 1038 in
993 975 1207 1059 Proserpinae
1245 976 1378 1041 aedibus
1415 977 1577 1056 illustrat,

387 1081 426 1144 of.
444 1080 483 1166 ἐξ
509 1085 649 1147 35-39,
689 1080 842 1145 Affirmat
859 1079 1072 1147 Leosthenem
1092 1083 1187 1147 abiis
1205 1093 1371 1166 receptum
1386 1085 1425 1146 iri
1442 1093 1474 1147 et
1490 1105 1574 1146 cum

386 1190 526 1252 exercitu
560 1209 617 1252 sno
652 1209 723 1252 cum
755 1190 794 1251 iis
830 1199 955 1272 tempus
989 1200 1134 1252 acturum
1168 1211 1246 1271 esse,
1281 1192 1335 1274 qui
1363 1212 1414 1254 res
1443 1191 1575 1254 similes

384 1297 549 1378 gesserint.
596 1294 691 1359 Tales
720 1294 994 1360 demonstrantur:
1024 1297 1136 1360 heroes
1161 1295 1236 1360 belli
1260 1296 1401 1376 Troiani,
1426 1318 1573 1380 quorum

384 1413 490 1466 tamen
507 1402 595 1465 facta
612 1403 706 1465 factis
725 1423 825 1483 nuper
841 1402 1066 1467 defunctorum
1083 1405 1219 1485 imparia
1236 1406 1308 1469 sint.
1342 1406 1373 1488 a)
1398 1404 1451 1468 Illi
1476 1407 1570 1467 enim

384 1511 551 1572 universae
563 1506 720 1572 Graeciae
731 1511 832 1591 copiis
844 1531 937 1572 unam
951 1509 1062 1573 urbem
1076 1521 1348 1593 expugnaverunt,
1360 1510 1570 1575 Leosthenes

385 1625 491 1678 autem
516 1617 591 1679 solis
614 1618 738 1698 patriae
762 1637 839 1679 suae
863 1615 977 1697 opibus
1002 1615 1150 1681 dominos
1171 1617 1323 1700 Europae
1347 1628 1443 1700 atque
1459 1617 1569 1680 Asiae

384 1721 537 1804 perdidit3
554 1721 589 1807 b)
606 1723 651 1784 illi
662 1732 794 1805 propter
810 1744 904 1785 unam
916 1722 1069 1786 feminam
1081 1723 1201 1787 laesam
1212 1722 1330 1787 bellum
1341 1734 1567 1805 susceperunt,

384 1829 436 1892 bic
460 1850 531 1892 cum
556 1850 640 1893 nunc
665 1828 855 1912 sepeliendis
879 1831 942 1892 vim
967 1829 1007 1893 ab
1034 1828 1180 1894 omnibus
1199 1828 1356 1896 Graeciae
1372 1828 1565 1894 mulieribus

382 1935 555 2018 prohibuit.
603 1941 630 1999 2.
655 1935 781 1999 Exinde
798 1937 886 1999 iacta
901 1935 1093 2001 Leostheuis
1112 1959 1183 2000 cum
1200 1936 1295 2001 rebus
1312 1936 1404 2000 bellis
1420 1936 1566 2000 Persicis

382 2063 441 2125 pro
463 2044 564 2106 salute
582 2040 739 2108 Graeciae
759 2045 857 2123 gestis
879 2053 1115 2127 comparantur,
1136 2043 1252 2127 quihus
1272 2045 1328 2107 illa
1344 2053 1449 2107 tamen
1466 2064 1565 2125 prae-

383 2159 477 2241 stant,
506 2171 579 2213 nam
608 2152 705 2214 ceteri
737 2171 846 2213 omnes
877 2151 909 2213 in
938 2152 1009 2233 ipsa
1034 2148 1174 2214 Graecia
1196 2151 1306 2214 hostes
1329 2153 1481 2231 vicerunt,
1506 2150 1565 2213 hic

383 2267 488 2319 autem
515 2277 553 2319 ne
569 2259 689 2320 intrare
705 2256 833 2339 quidem
852 2259 933 2321 sivit.
965 2263 994 2322 3.
1010 2257 1159 2340 Denique
1173 2257 1389 2341 tyrannocidis
1407 2257 1563 2320 simillimi

381 2362 572 2444 iudicantur,
597 2384 676 2446 quos
700 2373 806 2426 tamen
825 2384 862 2426 eo
885 2366 1084 2444 superavisse
1102 2364 1260 2444 dicuntur,
1277 2363 1362 2446 quod
1380 2385 1441 2427 non
1460 2362 1560 2427 modo

381 2471 519 2551 patriam
543 2471 599 2533 sed
622 2472 802 2534 universam
828 2468 999 2535 Graeciam
1025 2470 1193 2553 tyrannide
1218 2470 1431 2534 liberaverint.

472 2575 584 2642 Omnis
600 2577 680 2640 haec
698 2576 789 2640 ducis
806 2578 1006 2660 militumque
1021 2575 1164 2641 laudatio
1176 2578 1408 2641 exclamatione
1420 2579 1558 2641 oratoris

381 2683 594 2748 admiratione
619 2686 770 2748 commoti
796 2684 1013 2763 concluditu13
1039 2706 1120 2769 quae
1145 2686 1335 2749 exclamatio
1352 2687 1559 2767 partitionem

381 2792 519 2873 respicit,
544 2811 615 2854 cnm
639 2789 771 2854 eaedem
788 2791 982 2855 laudationis
1000 2813 1115 2855 causae
1132 2791 1350 2874 proferuntur:
1374 2794 1558 2874 προαίρεσις

382 2905 414 2960 et
437 2898 528 2980 ἀρετὴ
552 2899 606 2963 καὶ
630 2898 839 2980 ἀνδραγαθία.

469 3004 636 3068 Hactenus
662 3007 764 3067 oratio
788 3007 819 3067 in
844 3025 966 3087 papyro
993 3015 1183 3068 conservata
1207 3015 1263 3069 est.

791 3288 1136 3376 <lamentamus

468 3429 607 3512 Reliqua
629 3451 704 3512 pars
728 3433 892 3510 orationis,
917 3451 1012 3514 quam
1037 3430 1122 3513 apud
1143 3429 1317 3495 Stobaeum
1342 3429 1410 3494 flor.
1429 3435 1500 3511 124,
1512 3433 1553 3493 36

380 3536 1553 3620 habemus,huicexclamationicommodanonadnectitur;respiciendum

380 3646 464 3708 enim
488 3655 545 3722 est,
569 3665 663 3726 quam
689 3644 858 3727 diligenter
871 3644 1056 3726 Hyperides
1081 3644 1115 3708 id
1132 3644 1269 3726 studeat,
1286 3654 1321 3707 ut
1337 3654 1553 3726 transgressus

379 3751 421 3816 ad
449 3772 547 3814 novas
576 3753 730 3815 orationis
758 3761 865 3833 partes
895 3773 989 3834 quam
1020 3753 1156 3814 maxime
1186 3752 1410 3814 convenientes
1435 3751 1498 3813 sint
1522 3762 1555 3813 et

378 3880 435 3941 per
459 3867 680 3939 argumentum
702 3860 806 3940 ipsum
829 3857 899 3921 fieri
922 3857 1100 3921 videantur.
1132 3857 1306 3922 Praeterea
1330 3855 1461 3920 credere
1489 3877 1553 3920 non

378 3985 506 4048 possum
524 3963 732 4048 Hyperidem,
757 3967 875 4047 quippe
895 3967 949 4047 qui
967 3986 1030 4027 una
1048 3985 1120 4027 cum
1138 3961 1319 4027 Leosthene
1336 3963 1552 4027 Athenienses

378 4071 418 4134 ad
448 4070 564 4134 bellum
595 4071 833 4153 suscipiendum
861 4072 1041 4153 impulisset
1069 4073 1305 4153 acerrimusque
1337 4069 1550 4133 Macedonum

378 4177 578 4242 adversarius
603 4187 695 4258 esset,
719 4188 785 4240 tam
808 4177 958 4240 idoneum
985 4179 1091 4241 locum
1108 4177 1149 4240 ad
1167 4179 1260 4254 cives,
1277 4187 1313 4240 ut
1331 4179 1363 4239 in
1379 4175 1464 4240 bello
1480 4197 1550 4258 per-

378 4295 568 4365 severarent,
587 4284 815 4365 adhortandos,
833 4283 872 4346 ad
891 4305 963 4367 spes
981 4287 1135 4348 victoriae
1153 4294 1185 4346 et
1196 4283 1354 4348 libertatis
1365 4282 1550 4346 excitandas

378 4393 523 4455 omittere
547 4394 698 4473 potuisse.
745 4390 825 4454 Viro
849 4393 880 4454 in
905 4412 939 4454 re
962 4391 1093 4474 publica
1115 4399 1242 4454 versato
1267 4388 1548 4454 demonstrandum

378 4506 454 4578 erat,
478 4518 541 4580 quo
566 4499 611 4561 rei
634 4496 781 4580 publicae
806 4509 925 4561 statum
943 4496 1142 4561 Leosthenes
1166 4496 1261 4561 rebus
1279 4518 1297 4560 a
1314 4519 1347 4560 se
1363 4497 1460 4578 gestis
1476 4515 1549 4577 pro·
