3522 5436
814 585 1034 644 ..30-

337 779 406 822 esse
440 755 596 841 putabant
630 767 661 820 et
694 777 752 820 sua
784 759 901 820 vlrtute
929 759 1065 839 patriam
1096 757 1241 822 Athenas
1271 760 1362 841 quasi
1391 779 1511 822 eorona

337 875 538 930 ornaverunt.

426 970 554 1054 Operae
583 974 719 1053 pretinm
749 991 818 1034 esse
847 973 951 1053 pergit
976 980 1084 1036 orator
1107 973 1145 1054 ἐξ
1171 976 1212 1035 20
1223 992 1291 1053 sqq.
1316 973 1510 1054 cogitatione

336 1078 397 1143 sibi
429 1078 556 1160 fingere,
590 1076 680 1160 qnid,
710 1079 736 1140 si
765 1076 960 1141 Mauedones
990 1079 1153 1160 rioissent,
1182 1081 1353 1142 evenisset:
1384 1099 1509 1142 omnem

337 1183 509 1249 Graeciam
543 1184 652 1248 hostes
682 1183 868 1267 depopulati
897 1194 1011 1265 essent,
1036 1183 1144 1249 liberis
1173 1195 1204 1249 et
1233 1183 1417 1249 mulieribus
1446 1187 1509 1248 vim

334 1293 526 1373 intulissent,
555 1299 642 1355 totus
670 1289 807 1355 mundus
835 1293 867 1354 in
896 1293 991 1356 unius
1018 1293 1078 1354 viri
1106 1300 1267 1375 potestate
1290 1291 1412 1356 inisset.
1458 1291 1509 1355 De

335 1420 398 1481 qua
422 1400 539 1462 eximIa
558 1398 695 1462 hostium
714 1407 876 1480 potestate
896 1400 992 1462 etiam
1012 1399 1186 1480 loquuntur
1205 1398 1307 1480 Plato,
1327 1399 1368 1463 ef.
1384 1396 1509 1463 Menex.

302 1507 304 1512 '
337 1509 400 1570 240
412 1526 438 1567 a.
462 1503 606 1588 Ps-Lys.
622 1504 699 1569 115.
724 1503 825 1568 Isoor.
841 1503 893 1567 IV
904 1508 956 1586 88,
969 1509 1041 1568 127.
1064 1505 1158 1570 Dem.
1175 1504 1365 1569 xvfflra.
1389 1504 1509 1568 Aesoh.

334 1610 392 1675 III
418 1615 493 1674 132:
526 1613 544 1675 δ
571 1612 632 1693 μἐν
665 1617 728 1675 τῶν
759 1610 899 1694 Περσῶν
930 1613 1084 1694 βασιλεύς,
1101 1661 1108 1675 .
1125 1661 1155 1675 ..
1179 1615 1197 1676 δ
1228 1614 1356 1695 τολμῶν
1384 1615 1418 1676 ἐν
1444 1619 1510 1683 ταῖς

331 1719 508 1789 ’ἐπιστολαῖς
538 1719 678 1801 γράφειν,
707 1720 753 1782 ὅτι
782 1719 935 1802 δεσπότης
962 1720 1043 1782 ἐστὶν
1070 1720 1219 1783 ἁπάντων
1242 1721 1429 1800 ἀνθρώπων
1451 1719 1507 1801 ἀφ’

334 1826 423 1908 ἡλίου
447 1826 588 1896 ἀνιόντος
606 1826 700 1908 μέχρι
722 1825 890 1907 δυομένου.
909 1862 950 1871 -
969 1824 1135 1889 Victorum
1157 1826 1328 1889 insolentia
1344 1825 1508 1907 cladisque

334 1933 440 2014 imago
465 1952 522 1994 usn
547 1930 673 1994 traditis
694 1932 885 1994 oalamitatis
910 1953 1052 1995 summae
1076 1934 1160 1996 notis
1185 1932 1314 2015 depicta
1338 1953 1407 1995 esse
1431 1931 1508 1995 mihi

334 2039 468 2120 videtur,
485 2039 525 2104 of.
543 2037 634 2104 Dem.
650 2037 758 2102 XVII
770 2044 798 2119 3,
817 2037 910 2101 XIX
921 2043 993 2120 309,
1009 2037 1140 2103 XXIII
1152 2043 1224 2105 141.
1249 2038 1350 2102 Isour.
1366 2038 1418 2102 IV
1437 2043 1508 2120 114,

333 2144 408 2209 XII
427 2150 499 2210 259.
543 2145 788 2226 Dionaeo,
812 2144 915 2209 1112.
958 2145 1240 2211 Aeschlsslbl:
1277 2147 1332 2210 καὶ
1358 2145 1506 2228 νομίσαθ’

334 2255 413 2334 ὁρᾶν
441 2253 651 2336 ἁλισκομένην
678 2253 780 2325 πόλιν,
808 2258 918 2335 τειχῶν
945 2253 1163 2335 κατασκαφάς,
1192 2254 1362 2335 ἐμπρήσεις
1389 2256 1507 2325 οἰκιῶν,

334 2360 493 2442 ἀγομένας
516 2366 675 2442 γυναῖκας,
701 2357 776 2445 [καὶ]
801 2361 916 2430 παῖδας
939 2362 982 2430 εἰς
1005 2361 1158 2433 δουλείαν,
1181 2361 1357 2442 πρεσβύτας
1380 2360 1507 2441 ἀνθρώ-

332 2491 421 2539 πους,
436 2468 644 2549 πρεσβύτιδας
658 2472 808 2548 γυναῖκας
822 2467 885 2548 διμὲΙ
899 2468 1200 2549 μεταμανθάνοντας
1212 2467 1268 2549 τὴν
1282 2467 1476 2547 ἐλευθερίαν.
1485 2516 1507 2531 ..

335 2571 408 2655 Qua
436 2572 475 2636 de
505 2593 602 2636 nausa
625 2573 698 2636 talis
723 2571 823 2636 cladis
848 2584 980 2636 eventus
1004 2574 1184 2637 verisimilis
1209 2575 1258 2654 sit,
1287 2595 1326 2636 ex
1349 2575 1387 2634 iis
1412 2571 1507 2635 rebus

334 2679 579 2760 demonstratur,
617 2700 699 2761 quae
731 2680 796 2742 iem
828 2678 920 2742 fiant:
955 2677 1087 2742 deorum
1121 2681 1203 2743 enlm
1238 2680 1341 2742 cultus
1375 2679 1507 2760 neglegi,

333 2787 478 2849 homines
503 2785 618 2849 divitiis
643 2785 817 2849 honoribus
842 2785 937 2866 affini,
964 2806 1071 2850 servos
1095 2788 1250 2849 viatorum
1274 2807 1333 2869 pro
1357 2784 1506 2848 heroibus

334 2894 405 2956 coli.
453 2890 517 2974 Qui
545 2893 635 2956 loeus
663 2893 750 2956 illam
774 2893 929 2957 Demadis
956 2891 1506 2976 sententiam1respioerevidetur,

334 3020 397 3082 qua
425 3019 452 3062 a.
474 3004 537 3064 324
565 3000 685 3082 populo
715 3000 959 3082 commendavit,
988 3013 1024 3064 ut
1048 2999 1234 3064 Alexandro
1263 3000 1360 3063 talem
1386 2999 1506 3062 uultum

333 3105 519 3187 tribuerent,
540 3105 579 3170 of.
590 3105 663 3173 Vel.
680 3106 764 3172 Max.
777 3106 876 3170 viia
897 3117 958 3171 ext.
978 3112 1026 3173 13.
1065 3106 1193 3170 Deinde
1211 3105 1373 3171 uoneludit
1388 3105 1506 3186 hostes,

334 3215 388 3294 qui
413 3234 431 3275 a
456 3213 629 3294 sacrilegiis
656 3233 717 3275 non
744 3212 946 3295 abhorreant,
975 3213 1126 3277 adversus
1154 3213 1299 3276 homiues
1328 3211 1370 3275 ad
1399 3213 1505 3275 omnia

332 3318 478 3382 iaoinora
501 3328 631 3402 paratos
662 3318 839 3384 censendos
868 3341 946 3402 esse,
973 3322 1018 3384 ite
1047 3330 1169 3384 utnon
1195 3318 1325 3383 dubium
1350 3321 1400 3399 sit,
1429 3320 1504 3401 quin

231 3425 233 3428 ’
333 3435 434 3490 totam
470 3423 641 3490 Graeciam
676 3426 862 3491 dissoluturi
896 3427 1022 3494 fuerint.
1088 3425 1217 3509 Quanto
1252 3428 1350 3508 igitur
1384 3428 1505 3488 maiora

333 3532 417 3595 mala
434 3529 568 3596 Graeois
587 3533 760 3597 metuenda
778 3533 906 3615 fuerint,
925 3542 1015 3599 tanto
1035 3533 1177 3617 pluribus
1194 3532 1342 3596 landIbus
1362 3543 1504 3595 mortuos

334 3637 447 3720 dignos
476 3638 641 3703 habendos
671 3660 748 3704 esse.
794 3640 922 3722 Milites,
951 3662 1022 3704 enm
1052 3640 1169 3704 bellum
1199 3651 1342 3722 tempore
1370 3638 1503 3703 hiberno

332 3755 504 3827 gereretur,
533 3746 635 3828 frigus
667 3757 699 3810 et
726 3749 868 3830 inopiam
896 3747 980 3811 ferre
1009 3750 1113 3812 ooaoti
1143 3748 1250 3812 omnia
1277 3745 1368 3809 firmo
1397 3747 1503 3808 animo

332 3853 476 3934 perpessi
492 3864 574 3934 sunt,
591 3855 671 3918 ὥστε
687 3856 739 3919 καί
755 3861 800 3937 τῷ
816 3855 901 3937 λόγῳ
917 3856 1055 3937 χαλεπὸν
1071 3857 1146 3919 εῖναι
1163 3856 1292 3937 φράσαι.
1321 3851 1503 3936 Superlatio

333 3957 412 4021 haee
430 3960 541 4023 similis
559 3969 607 4023 est
622 3961 693 4041 illis,
710 3960 750 4024 de
767 3960 881 4043 quibus
898 3963 962 4023 iam
979 3982 1076 4043 supra
1092 3973 1199 4024 aetum
1216 3969 1272 4041 est,
1289 3960 1329 4026 of.
1343 3959 1383 4045 ἓξ
1402 3964 1429 4038 l,
1448 3962 1502 4037 193

332 4075 437 4129 tamen
465 4067 635 4130 nonnullae
659 4069 808 4150 propriae
832 4078 927 4131 notae
952 4066 1118 4148 aooednnt,
1143 4087 1214 4130 oum
1234 4066 1273 4130 de
1292 4064 1503 4130 lnoommodis

332 4173 476 4235 toleratis
502 4175 614 4256 agitur,
643 4174 683 4240 of.
703 4173 784 4238 Plat.
804 4174 929 4240 Menex.
950 4178 1048 4240 241s.
1094 4174 1187 4239 Dem.
1204 4173 1295 4237 VIII
1305 4177 1348 4236 44
1371 4172 1421 4254 (X
1435 4173 1501 4256 15):

331 4280 386 4342 καὶ
407 4281 527 4351 πόνους
549 4282 603 4344 καὶ
626 4288 784 4363 χειμῶνας
806 4283 859 4345 καὶ
882 4283 954 4353 τοὺς
973 4283 1123 4364 ἐσχάτους
1142 4282 1310 4352 κινδύνους
1328 4282 1502 4362 ὑπομένειν.

332 4384 431 4452 Isoor.
455 4385 529 4450 XII
548 4386 662 4473 tella:
702 4387 751 4471 ἐφ’
782 4387 829 4454 ὧν
860 4390 914 4452 καὶ
945 4390 1077 4470 πόλεμοι
1108 4389 1241 4452 πλεῖστοι
1278 4388 1332 4451 καλ
1363 4387 1503 4450 κίνδυνοι

423 4546 432 4578 ¹
451 4547 485 4599 of.
500 4544 599 4599 Girard
619 4547 636 4599 l.
650 4563 672 4599 o.
686 4563 712 4614 p.
726 4547 786 4599 221.
