3522 5436
710 532 928 645 -4'7..

235 769 322 841 puto.
362 756 438 841 Ipse
462 760 546 822 enim
571 757 613 821 ad
637 757 753 822 bellum
772 757 1009 841 suscipiendum
1026 758 1204 842 impulerat,
1227 757 1406 823 libertatem

236 866 374 946 amabat,
399 868 581 929 servitutem
607 864 729 942 oderat,
752 867 955 947 incorruptus
979 864 1129 930 factionis
1152 864 1193 930 ad
1213 863 1408 929 Macedones

235 972 418 1036 inclinantis
447 973 593 1036 inimicus
623 982 691 1035 erat
719 974 843 1054 patriae
873 992 981 1035 amore
1006 973 1164 1053 incensus,
1192 994 1211 1036 a
1235 970 1408 1036 maioribus

235 1078 389 1142 traditum
422 1081 468 1142 rei
500 1077 648 1161 publicae
682 1087 800 1142 statum
834 1077 1061 1158 admirabatur,
1094 1090 1189 1161 atque
1219 1098 1408 1142 conservare

167 1265 171 1274 Ι
237 1184 399 1268 cupiebat,
433 1188 523 1249 cuius
556 1187 687 1267 imagini
720 1183 842 1276 civibus
874 1183 1102 1268 proponendae
1133 1185 1194 1249 hoc
1224 1187 1295 1248 loco
1324 1187 1342 1267 ᾗ
1367 1189 1408 1250 25

237 1312 368 1374 operam
393 1302 497 1355 navat.
517 1329 560 1338 -—
584 1290 748 1356 Nonnulla
765 1313 836 1355 oum
853 1291 978 1356 Pericle
995 1290 1169 1356 similitudo
1187 1313 1244 1356 nos
1262 1289 1408 1355 offendit:

237 1409 370 1480 uterque
387 1397 463 1462 belli
479 1408 599 1476 auctor,
618 1408 750 1481 uterque
766 1400 890 1482 patriae
907 1419 1017 1462 amans
1036 1397 1109 1462 belli
1125 1399 1217 1462 initio
1233 1400 1408 1462 orationem

238 1527 327 1569 suam
353 1504 439 1586 dicit,
463 1518 570 1569 tamen
595 1507 689 1586 longe
713 1506 794 1569 alins
818 1517 866 1569 est
891 1517 1001 1585 status,
1026 1543 1068 1552 -
1092 1505 1157 1568 illic
1180 1503 1297 1569 florens
1316 1516 1409 1568 aetas

238 1612 392 1694 Periclea,
416 1612 467 1676 hic
490 1615 658 1675 imminens
683 1614 838 1678 interitus.

328 1718 437 1782 Nihilo
467 1721 570 1782 minus
599 1720 694 1782 etiam
724 1721 755 1781 in
785 1730 894 1782 nostra
923 1720 1067 1782 oratione
1096 1718 1165 1782 laus
1194 1720 1239 1781 rei
1264 1716 1411 1800 publicae

239 1828 358 1908 optime
392 1837 578 1908 argumento
613 1847 645 1889 se
680 1825 916 1908 accommodat,
949 1847 987 1890 eo
1019 1827 1133 1907 magis,
1166 1824 1252 1908 quod
1281 1825 1410 1908 proprio

239 1935 375 1996 oratoris
404 1935 532 2015 ingenio
562 1934 739 2015 exponitur.
785 1931 970 1996 Invenimus
1000 1934 1083 1995 euim
1113 1931 1192 1995 duas
1217 1931 1411 1996 laudationis

239 2041 429 2123 praecipuas
447 2060 573 2104 causas:
596 2048 621 2103 1.
638 2042 816 2121 προαίρεσις
836 2037 854 2124 ξ
873 2043 901 2115 3,
922 2044 950 2104 2.
966 2042 1095 2121 πράξεις
1114 2037 1154 2124 ἓξ
1173 2044 1200 2117 3,
1218 2045 1246 2104 4.
1276 2036 1412 2118 Deinde,

241 2168 313 2209 cum
337 2145 488 2209 Athenae
514 2167 584 2209 cum
607 2147 673 2210 sole
694 2157 921 2229 comparantur
944 2148 962 2228 ξ
982 2150 1015 2227 5,
1039 2156 1173 2228 aparent
1196 2147 1342 2236 egregiae
1366 2147 1411 2208 rei

240 2252 387 2335 publicae
411 2254 636 2335 proprietates:
664 2255 794 2333 iustitia,
824 2255 977 2336 aequitas,
1007 2250 1209 2333 abstinentia,
1238 2261 1412 2334 aparetque

166 2353 170 2360 ’
241 2361 403 2423 civitatem
428 2363 514 2422 omni
535 2355 692 2424 Graeciae
717 2361 891 2440 consulere,
914 2380 972 2441 pro
998 2361 1158 2423 communi
1184 2358 1285 2422 salute
1309 2379 1412 2440 agere.

241 2464 322 2530 Cum
362 2487 412 2530 res
452 2486 553 2548 nuper
590 2478 699 2547 gestae
741 2477 955 2549 exponuntur,
996 2466 1172 2529 illustratur
1210 2464 1411 2528 Athenarum

239 2576 419 2655 προαίρεσις
443 2571 461 2656 ξ
484 2577 533 2654 10,
558 2593 621 2654 qua
637 2572 816 2660 libertatem
834 2575 1000 2637 universae
1018 2570 1175 2638 Graeciae
1192 2581 1412 2650 servaverunt3

242 2679 389 2743 audimus
414 2679 526 2761 dignas
547 2700 624 2759 esse,
649 2701 730 2762 quae
750 2681 962 2762 principatum
978 2681 1062 2743 inter
1079 2676 1222 2744 Graecos
1239 2677 1412 2742 obtineant.

242 2784 474 2850 ELeosthenis
492 2785 671 2850 actionibus
689 2789 843 2850 enarratis
860 2787 1072 2868 intellegimus
1090 2788 1250 2858 civitatem
1268 2788 1334 2848 sine
1350 2785 1413 2847 ullo

241 2894 320 2956 lucri
345 2893 452 2956 studio
478 2915 528 2956 res
552 2893 693 2975 gerendo
719 2896 883 2956 universae
909 2896 1030 2975 patriae
1054 2895 1232 2958 inservisse.
1276 2892 1413 2956 Maxime

242 3021 291 3062 res
325 2998 453 3082 publica
482 3021 519 3063 ea
548 3021 674 3083 quoque
705 2999 823 3063 liberae
853 3001 990 3063 civitatis
1019 2999 1113 3062 laude
1138 2999 1156 3084 ξ
1179 3004 1218 3063 25
1236 2999 1414 3070 extollitur,

243 3127 306 3189 qua
331 3115 441 3169 orator
465 3105 562 3169 edicit
580 3105 768 3169 felicitatem
786 3107 904 3169 nullam
921 3108 988 3169 sine
1006 3106 1153 3170 libertate
1170 3127 1252 3182 esse;
1277 3127 1349 3168 nam
1367 3124 1414 3184 ec,

243 3212 329 3296 quod
358 3212 432 3276 huic
460 3211 548 3276 laudi
577 3212 732 3276 adnectit:
764 3215 843 3296 ὑπὲρ
872 3212 919 3278 ὧν
947 3215 1097 3278 ἁπάντων
1125 3212 1210 3278 οὗτοι
1229 3213 1333 3276 ...τὸ
1358 3214 1414 3295 ζῆν

243 3321 425 3403 ἀνήλωσαν,
455 3319 652 3382 demonstrat
682 3319 883 3383 Athenarum
912 3331 1030 3384 statum
1058 3319 1209 3383 idoneum
1237 3340 1320 3400 esse,
1351 3339 1413 3400 quo

244 3429 329 3489 cives
353 3405 463 3489 felices
488 3424 574 3490 fiant.

333 3532 481 3614 Denique
515 3553 562 3611 ec,
595 3531 681 3616 quod
715 3533 825 3597 urbem
854 3555 926 3596 cum
956 3534 1021 3597 sole
1051 3534 1229 3616 comparari
1258 3531 1415 3614 dignatur,

245 3660 314 3702 eam
344 3660 466 3703 summa
493 3639 589 3703 laude
616 3650 717 3705 ornat.
765 3638 829 3704 Sed
855 3653 960 3704 tamen
986 3641 1060 3703 huic
1083 3642 1166 3723 parti
1189 3651 1321 3723 propter
1344 3637 1414 3702 rhe-

244 3749 362 3809 toricas
392 3757 483 3810 notas
512 3747 808 3830 superlationasque
837 3747 959 3830 aliquid
987 3747 1095 3830 frigidi
1128 3746 1294 3810 adhaeret:
1328 3745 1415 3809 facta

246 3855 337 3916 nimis
361 3865 526 3934 augentur,
550 3853 766 3918 Athenienses
790 3854 860 3936 plus
885 3875 988 3936 aequo
1013 3856 1088 3918 iusti
1112 3862 1207 3936 atque
1232 3851 1416 3916 adlabores

245 3943 452 4041 perferendos
468 3959 578 4023 idonei
595 3958 809 4042 depinguntur
825 3982 862 4023 eo
879 3972 1032 4043 tempore,
1054 3981 1117 4044 quo
1134 3963 1198 4024 iam
1215 3959 1416 4041 largitionem

245 4068 384 4129 virorum
418 4067 451 4129 in
487 4086 521 4128 re
557 4066 685 4148 publica
718 4070 912 4130 versantium
946 4069 1117 4130 maximam
1149 4066 1248 4131 fuisse
1282 4074 1416 4147 constat,

246 4173 286 4237 cf.
310 4172 395 4255 Hyp.
420 4176 494 4256 epit.
519 4155 615 4257 §102
649 4175 844 4257 Λεωσθένης
871 4175 931 4256 γὰρ
959 4176 1047 4256 ὁρῶν
1074 4175 1130 4257 τὴν
1154 4174 1287 4237 Ἑλλάδα
1311 4180 1416 4237 πᾶσαν

246 4283 513 4363 τεταπεινωμένην
534 4282 587 4343 καὶ
604 4277 734 4365 [ὥσπερ]
752 4279 963 4366 ἐπτη[χυ]ῖαν,
987 4282 1253 4365 κατεφθαρμένην
1274 4281 1337 4344 ὑπὸ
1352 4286 1416 4344 τῶν

248 4386 523 4467 ὅωραὸακαύντων
546 4387 633 4468 παρὰ
654 4387 809 4452 Φιλίππου
830 4389 884 4451 καὶ
903 4388 1111 4469 Ἀλεξάνδρου
1131 4388 1210 4451 κατὰ
1229 4393 1293 4451 τῶν
1308 4388 1416 4469 πατρί-

247 4492 315 4556 δων
333 4497 398 4557 τῶν
417 4494 523 4557 αὐτῶν
540 4545 546 4559 .
565 4545 571 4558 .
589 4545 595 4558 .
632 4492 786 4558 Nostrum
803 4503 910 4558 autem
927 4493 966 4557 da
983 4493 1043 4557 hac
1059 4496 1225 4559 veritatem
1242 4493 1417 4576 egredienti
