3522 5436
743 587 966 647 „39-

532 799 603 880 lv.
633 797 701 882 De
728 799 1008 882 llthenarum
1036 799 1181 882 laude.

356 974 428 1038 Mos
455 983 524 1038 erat
547 985 675 1057 praeter
699 974 868 1040 defunctos
892 976 1008 1038 milites
1033 977 1129 1039 etiam
1154 973 1273 1057 urbem,
1296 995 1442 1058 proque

267 1090 402 1146 mortem
427 1084 657 1164 oppetiverant,
680 1079 824 1147 laudare.
863 1078 936 1164 Quo
960 1081 1057 1146 modo
1081 1082 1143 1146 hoc
1168 1081 1351 1163 dignissime
1372 1079 1441 1145 fieri

267 1191 416 1271 potuerit,
440 1191 560 1271 optime
576 1187 662 1271 apud
679 1186 901 1270 Thucydidem
917 1187 1069 1268 ridemus,
1087 1188 1167 1252 facit
1183 1190 1266 1252 enirn
1284 1188 1440 1252 Periclem

269 1294 541 1359 demonstrantem
576 1297 736 1359 civitatem
767 1294 848 1360 adeo
873 1297 992 1359 claram
1018 1317 1096 1376 esse,
1128 1303 1164 1358 nt
1187 1293 1227 1358 ad
1252 1297 1359 1358 omnia
1382 1316 1441 1378 pro

267 1405 371 1484 patria
395 1400 586 1484 perferenda
610 1404 694 1466 cives
718 1410 849 1485 paratos
870 1423 940 1466 esse
960 1401 1082 1467 deceat.
1122 1401 1205 1465 Tota
1228 1401 1312 1465 illins
1337 1403 1440 1465 oratio

267 1511 441 1592 praecipue
467 1517 515 1572 est
537 1510 607 1572 lans
630 1508 841 1574 Athenarum.
884 1508 1058 1592 Hyperidis
1082 1507 1279 1591 temporibus
1303 1529 1353 1572 res
1376 1510 1440 1572 iam

267 1617 404 1680 maxime
428 1625 570 1679 mutatae
594 1625 700 1679 erant:
729 1614 890 1678 discordia
914 1617 1038 1696 civium,
1063 1617 1198 1679 servitus
1218 1613 1441 1692 Macedonum,

268 1720 444 1786 demutatio
481 1743 606 1786 morum
643 1721 816 1786 manifesta
852 1724 986 1804 vestigia
1023 1722 1233 1804 reliquerunt3
1273 1731 1442 1804 praeterea

269 1831 387 1892 oratori
419 1831 522 1911 primo
555 1829 627 1892 loeo
653 1827 851 1893 leosthenes
881 1831 1013 1911 eiusque
1037 1829 1161 1910 milites,
1195 1848 1329 1912 quorum
1353 1827 1442 1892 iacta

268 1957 302 1999 re
330 1956 405 2000 vera
433 1937 551 1999 eximia
579 1944 678 2016 erant,
709 1934 748 1999 de
773 1956 909 2017 quorum
932 1946 1035 1999 morte
1058 1937 1127 2019 ipse
1151 1934 1244 1998 valde
1267 1933 1441 2017 maerebat,

268 2042 408 2125 ponendi
441 2050 540 2108 erant.
593 2041 715 2106 Tamen
745 2042 828 2106 hano
856 2041 1049 2106 laudationis
1075 2051 1199 2126 partem
1223 2062 1285 2105 non
1312 2044 1440 2106 omnino

269 2151 395 2230 omittit,
420 2147 477 2213 sed
501 2148 588 2212 laudi
612 2147 837 2212 defunctorum
860 2151 980 2212 inserit.
1018 2149 1090 2213 Iam
1113 2152 1145 2212 in
1168 2151 1239 2231 ipsa
1263 2151 1441 2231 argumenti

269 2257 441 2338 partitione
466 2256 484 2341 ξ
503 2260 521 2319 3
547 2253 607 2319 sibi
630 2257 733 2337 primo
757 2256 829 2319 loco
854 2257 1025 2337 civitatem,
1049 2257 1167 2339 quippe
1185 2257 1279 2338 longe
1295 2276 1440 2319 reveren-

269 2361 642 2443 dissimum,landandem
652 2365 866 2446 proponitmir
874 2365 1091 2444 προαιρέσεως
1100 2365 1199 2436 ἕνεκα,
1207 2363 1243 2426 τὸ
1251 2364 1441 2444 προελέσθαι

271 2471 366 2552 ὅμοια
389 2471 444 2533 καὶ
466 2471 507 2532 ἔτι
531 2471 701 2552 σεμνότερα
721 2470 775 2534 καὶ
794 2470 912 2534 καλλίω
930 2476 995 2533 τῶν
1012 2467 1192 2556 [πρότ]ερον
1207 2470 1286 2553 αὐτῇ
1300 2492 1440 2551 πεπραγ-

268 2579 383 2659 μένων,
417 2577 524 2640 stetim
557 2586 664 2640 tamen
699 2577 832 2658 apponit
860 2575 975 2640 ducem
998 2575 1142 2659 pluribus
1166 2574 1207 2640 de
1230 2577 1335 2640 causis
1360 2576 1441 2639 cele·
1499 2584 1503 2595 “

269 2681 424 2746 brandum
439 2703 517 2764 esse,
528 2702 592 2764 quo
604 2682 701 2746 modo
714 2683 798 2746 illius
810 2682 946 2764 leudem,
958 2703 1152 2767 quamquam
1164 2681 1275 2746 ordine
1289 2683 1441 2764 ultimam,

269 2800 376 2853 tamen
400 2788 551 2872 ponderis
567 2790 697 2852 maximi
714 2811 783 2853 esse
798 2791 862 2855 iam
880 2789 1087 2856 demonstrat.
1125 2789 1177 2854 Ex
1192 2789 1253 2853 hac
1268 2791 1441 2872 partitione

269 2896 480 2978 intellegimus
506 2904 664 2960 oratorem
689 2899 735 2959 rei
759 2893 907 2980 publicae
931 2895 1058 2960 laudem
1081 2904 1117 2960 ut
1137 2899 1233 2960 etiam
1250 2894 1441 2960 Leosthenis
1466 2882 1469 2892 ’

270 3002 542 3085 praedicationem
578 3005 625 3065 ite
662 3003 859 3084 prolaturum
897 3023 976 3082 esse,
1014 3013 1050 3066 ut
1081 3002 1232 3067 Athenae
1265 3015 1444 3085 appareant

270 3109 463 3172 excellentes
490 3113 516 3172 1.
540 3110 572 3172 in
598 3110 738 3172 consiliis
764 3108 927 3192 capiendis
953 3111 1157 3194 (προαίρεσις)
1182 3117 1214 3172 et
1238 3115 1266 3173 2.
1290 3112 1321 3172 in
1346 3109 1442 3173 rebus

268 3214 431 3298 gerendis3
457 3235 531 3278 nam
546 3214 633 3280 haud
650 3216 744 3288 aliter
758 3214 970 3280 demonstrari
986 3218 1114 3298 poterit,
1139 3217 1342 3298 quaeratione
1360 3237 1442 3281 nova

269 3323 403 3386 consilia
434 3325 558 3386 maiora
591 3324 654 3385 sint
682 3343 777 3404 quam
811 3325 876 3386 iam
903 3332 1034 3406 peracta
1058 3323 1135 3407 (τῶν
1161 3320 1339 3410 [πρότ]ερον
1362 3325 1443 3407 αὐτῇ

268 3429 521 3514 πεπραγμένων).
560 3428 622 3494 Rei
646 3428 794 3511 publicae
818 3429 946 3495 laudem
970 3432 1002 3494 in
1027 3431 1141 3494 ceteris
1158 3430 1328 3513 epitaphiis
1345 3441 1442 3513 atque

269 3538 301 3598 in
330 3537 483 3600 encomiis
510 3534 679 3617 habemus,
709 3535 839 3624 deque
868 3557 902 3599 re
927 3535 1049 3619 profert
1074 3536 1167 3602 Plato
1191 3535 1316 3602 Mener.
1337 3540 1441 3602 seta:

270 3644 470 3725 γοητεύουοιν
493 3645 587 3725 ἡμῶν
610 3642 664 3713 τὰς
686 3645 802 3726 ψυχάς,
826 3645 879 3707 καὶ
902 3645 958 3726 τὴν
980 3645 1071 3708 πόλιν
1094 3645 1343 3726 ἐγκωμιάζοντες
1361 3644 1442 3708 κατὰ

268 3751 387 3820 πάντας
408 3750 546 3830 τρόπους
568 3750 622 3813 καὶ
644 3749 716 3820 τοὺς
738 3751 989 3834 τετελευτηκότας
1016 3753 1049 3815 ἐν
1072 3758 1117 3834 τῷ
1139 3752 1271 3833 πολέμῳ
1293 3751 1348 3814 καὶ
1369 3750 1444 3822 τοὺς

269 3857 448 3938 προγόνους
469 3858 564 3938 ἡμῶν
580 3907 586 3919 .
604 3907 610 3918 .
630 3907 636 3918 .
657 3855 783 3919 Deinde
808 3855 849 3921 ad
865 3859 967 3941 ipsam
985 3859 1123 3921 civitatis
1140 3856 1265 3921 laudem
1284 3855 1441 3921 accedens

270 3961 367 4026 edicit
391 3983 448 4026 neo
472 3963 554 4026 vires
580 3983 638 4027 neo
662 3971 787 4046 tempus
804 3961 960 4046 sufficere,
986 3973 1020 4027 ut
1035 3963 1175 4028 Athenis
1191 3965 1322 4028 meritus
1338 3963 1442 4028 honos

270 4067 374 4132 verbis
391 4067 558 4150 tribuatur,
572 4071 661 4133 ouius
679 4070 855 4133 sententiae
873 4070 960 4135 locos
978 4071 1113 4134 eliorum
1130 4081 1295 4134 auctorum
1309 4073 1441 4153 exposui
1561 4061 1566 4073 ’

270 4195 365 4256 snpra
388 4196 418 4257 p.
436 4179 486 4238 25.
520 4175 560 4238 ci.
577 4176 670 4242 Dem.
685 4174 781 4239 XIII
799 4180 852 4239 18:
877 4177 931 4241 τὸν
947 4178 1008 4260 γὰρ
1023 4177 1103 4259 ὑπὲρ
1119 4178 1303 4261 τηλικαύτης
1317 4179 1442 4249 πόλεως

269 4283 493 4363 ῥηθησόμενον
521 4283 616 4364 λόγον
647 4284 701 4346 καλ
732 4284 882 4347 τοιούτων
914 4285 1109 4366 πραγμάτων
1140 4284 1257 4355 παντὸς
1289 4285 1359 4355 ἑνός
1385 4291 1441 4348 τοῦ

268 4388 411 4469 λέγοντος
425 4389 472 4452 ἀεὶ
487 4391 586 4470 μείζω
603 4391 771 4472 φαίνεσθαι
789 4391 841 4454 δεῖ.
874 4386 1076 4473 Quamquam
1094 4389 1274 4473 Hyperides
1290 4392 1443 4473 proponit

270 4513 304 4556 se
337 4494 439 4556 solum
471 4496 627 4558 maximas
660 4516 710 4558 res
744 4497 804 4576 (ἐπὶ
831 4496 1019 4579 κεφαλαίου)
1049 4495 1089 4559 de
1114 4496 1252 4560 Athenis
1281 4496 1441 4561 dicturum
