3522 5436
698 597 919 692 ..15¹-

399 768 472 854 Quo
501 772 573 834 loco
607 780 715 834 orator
742 772 835 834 reicit
863 769 1053 834 vocabulum
1082 773 1289 844 ἀπολωλότες,
1323 793 1395 836 cum

310 888 474 941 asseverat
495 879 584 941 illam
607 898 717 942 vocem
744 878 857 940 occisis
883 897 947 940 non
971 880 1151 958 convenire,
1179 881 1285 961 potius
1311 881 1395 942 enim

310 983 482 1047 dicendum
512 1005 581 1048 esse
609 985 703 1065 viros,
734 986 789 1066 qui
815 1004 874 1066 pro
904 983 985 1047 adeo
1014 984 1107 1048 oleris
1137 983 1231 1051 rebus
1260 996 1394 1049 mortem

310 1090 461 1173 obissent,
478 1111 540 1154 non
553 1093 684 1173 perisse,
701 1089 756 1154 sed
772 1093 805 1153 in
821 1100 984 1154 aeternam
996 1092 1094 1154 vitam
1111 1093 1395 1173 transmigravisse.

310 1197 339 1260 E
364 1218 427 1280 qua
450 1219 484 1260 re
510 1207 618 1261 orator
642 1197 818 1261 concludit:
844 1199 870 1260 si
893 1199 990 1279 igitur
1013 1218 1098 1260 mors
1123 1199 1193 1260 aliis
1212 1198 1394 1262 homiuibus

310 1303 423 1368 odiosa
446 1305 508 1367 illis
532 1305 657 1368 initium
686 1325 874 1386 magnorum
902 1303 1059 1368 bonorum
1089 1307 1218 1386 exstitit,
1247 1327 1304 1368 cur
1331 1325 1394 1370 nou

309 1412 420 1474 felices
448 1411 583 1494 putandi
612 1408 707 1474 sunt?
742 1432 804 1494 quo
832 1421 928 1493 pacto
963 1431 1017 1474 eos
1050 1421 1193 1475 mortuos
1222 1433 1325 1494 neque
1354 1411 1394 1475 ad

310 1519 474 1582 meliorem
490 1519 587 1581 vitam
607 1527 737 1581 renatos
757 1539 826 1581 esse
847 1538 976 1580 censere
994 1515 1187 1600 possumus?
1212 1517 1294 1581 Tum
1310 1521 1394 1582 enim

310 1622 402 1687 liberi
430 1626 618 1706 insipientes
647 1634 745 1706 erant,
775 1645 858 1687 nunc
885 1626 945 1687 viri
974 1625 1074 1688 fortes
1102 1624 1181 1687 facti
1210 1635 1298 1704 sunt;
1328 1635 1395 1689 tum

308 1752 367 1813 per
383 1731 516 1794 multum
533 1733 685 1813 temporis
702 1733 734 1794 in
751 1731 858 1794 multis
875 1731 1024 1813 periculis
1039 1733 1137 1795 virtus
1149 1733 1188 1795 iis
1202 1730 1396 1813 praestanda

310 1847 387 1919 erat,
412 1840 584 1901 nunciam
608 1840 724 1902 virtute
748 1859 806 1901 sua
830 1840 914 1901 inter
938 1836 1084 1901 omnibus
1109 1840 1178 1901 noti
1201 1847 1282 1902 sunt.

219 1944 438 2010 IH.·Deinde
469 1946 502 2007 iu
536 1965 574 2007 eo
603 1953 652 2006 est
679 1965 777 2008 causa
804 1942 1012 2008 beatitudinis
1046 1929 1279 2026 defunctorem,
1308 1945 1395 2028 quod

310 2053 497 2133 superstites
525 2053 558 2114 in
588 2051 734 2115 omuibus
758 2053 842 2115 vitae
866 2049 1138 2114 vicissitudinibus
1168 2049 1395 2115 beneficiorum

310 2167 517 2240 acceptorum
534 2160 785 2221 reminiscentur.
826 2155 920 2240 Quod
940 2167 973 2221 ut
990 2157 1195 2234 demonstret,
1211 2158 1394 2249 Hyperides

310 2267 419 2346 utitur,
436 2263 644 2329 subiectionis
659 2265 778 2343 forma3
797 2285 861 2346 qua
875 2267 1000 2327 ratione
1017 2265 1193 2328 illustratur
1208 2268 1395 2329 memoriam

310 2369 535 2436 defunctorum
554 2373 723 2435 valituram
747 2392 830 2435 esse:
858 2375 885 2434 l.
904 2373 937 2435 in
956 2371 1044 2434 felici
1063 2374 1109 2434 rei
1133 2371 1280 2454 publicae
1300 2382 1395 2454 statu,

311 2484 339 2542 2.
363 2480 395 2541 in
421 2479 616 2560 singulorum
642 2480 756 2541 civium
780 2476 875 2542 rebus
905 2477 1062 2560 secundis,
1092 2482 1119 2543 3.
1143 2480 1227 2541 inter
1250 2478 1394 2542 homines

310 2587 464 2667 cuiusque
493 2587 617 2666 aetatis,
651 2606 724 2647 nam
753 2582 845 2664 bona,
879 2585 993 2668 quibus
1023 2587 1209 2667 superstites
1239 2585 1394 2666 fruantur,
1465 2647 1467 2650 ,

309 2692 371 2754 illis
385 2690 503 2772 deberi,
519 2693 649 2755 iuvenes
667 2690 806 2773 denique
822 2693 907 2755 viros
926 2695 1062 2775 optimos
1083 2693 1298 2755 aemulaturos
1316 2713 1395 2758 esse.

308 2797 407 2862 Ratio
424 2797 517 2861 huius
534 2800 818 2880 argumentationis
836 2797 877 2862 ad
897 2820 970 2861 eum
988 2801 1091 2880 ipsum
1110 2797 1214 2880 finem,
1239 2797 1281 2861 ad
1300 2820 1395 2881 quem

308 2907 396 2988 prius
409 2927 508 2986 genus
523 2904 658 2986 devenit,
674 2907 855 2986 inclinatur,
874 2905 916 2968 ad
936 2906 1043 2988 ἀγαθὰ
1056 2905 1104 2970 ὧν
1121 2908 1209 2969 αἴτιοι
1226 2907 1394 2988 γεγόνασιν.

309 3011 488 3075 Interoedit
510 3021 627 3093 autem,
656 3011 744 3094 quod
772 3012 833 3075 hoc
862 3013 934 3075 loco
964 3011 1002 3074 de
1030 3011 1205 3075 honoribus
1235 3011 1394 3076 defunctis

308 3139 367 3200 pro
391 3119 511 3181 meritis
536 3117 715 3182 tribuendis
739 3118 838 3182 verba
859 3117 949 3183 fiunt.

400 3223 611 3290 Ooncluditur
640 3225 720 3288 haec
748 3246 821 3307 pars
852 3227 1097 3288 exclamatione:
1133 3245 1236 3288 nonno
1264 3238 1395 3307 propter

309 3333 390 3395 tales
420 3332 557 3396 honores
587 3331 672 3395 beati
700 3331 840 3395 habendi
869 3329 965 3395 sunt?
994 3333 1150 3414 simulque
1178 3353 1236 3414 per
1260 3331 1393 3396 eandem

310 3440 499 3502 seutentiam
525 3437 566 3500 ad
592 3440 735 3502 ultimum
761 3448 1019 3520 argumentorum
1042 3459 1150 3520 genus,

219 3544 281 3608 IV.
312 3544 353 3608 ad
392 3553 516 3609 ceteros
555 3548 688 3609 mortuis
727 3544 928 3628 praebendos
968 3545 1119 3626 honores,
1159 3547 1310 3609 transitus
1350 3543 1394 3609 fit.

312 3655 339 3716 1.
363 3651 484 3715 Poetae
518 3661 614 3734 atque
649 3661 792 3716 oratores
827 3651 996 3715 defunctos
1025 3650 1240 3733 celebrabunt,
1274 3657 1303 3718 2.
1334 3651 1395 3716 hoo

309 3756 427 3822 bellum
455 3761 556 3840 magis
585 3757 670 3822 bello
699 3758 839 3822 Troiano
867 3758 1016 3822 laudibus
1045 3758 1222 3840 extolletur,
1255 3762 1283 3824 3.
1306 3758 1395 3823 lama

310 3885 420 3928 eorum
439 3886 497 3948 per
512 3874 614 3928 totam
631 3862 803 3929 Graeciam
819 3863 1014 3947 vulgabitur,
1037 3885 1111 3928 nam
1132 3863 1251 3947 duplici
1270 3867 1394 3929 ratione

310 3973 465 4036 memoria
493 3992 604 4035 eorum
632 3973 768 4035 coletur:
803 3974 834 4056 a)
863 3980 897 4035 ut
925 3971 1019 4036 laude
1049 3992 1168 4050 eorum,
1202 3973 1256 4054 qui
1285 3973 1391 4054 iugum

309 4077 524 4142 Macedonum
559 4078 752 4160 deiecerunt,
786 4081 883 4142 animi
916 4080 1040 4142 laetitia
1071 4076 1262 4158 afficiantur,
1296 4076 1330 4162 b)
1360 4088 1395 4142 ut

309 4184 404 4249 laude
417 4187 543 4248 virtutis
557 4195 589 4249 et
603 4185 735 4248 fortium
748 4187 888 4249 virorum
899 4187 999 4248 virtus
1015 4184 1211 4248 audientium
1229 4187 1393 4249 excitetur.

310 4306 435 4392 Quibus
464 4311 658 4392 argumentis
687 4311 840 4391 expositis
863 4308 1046 4392 Hyperides
1076 4307 1305 4372 beatitudiuem
1330 4329 1392 4374 non

221 4414 351 4479 dubiam
382 4436 451 4479 esse
481 4417 642 4479 existimat
669 4414 688 4500 ξ
714 4420 754 4480 35
784 4416 862 4481 ἀλλὰ
889 4416 954 4499 μὴν
981 4417 1027 4480 ὅτι
1054 4416 1128 4498 παρ’
1158 4417 1233 4498 ἡμῖν
1255 4416 1395 4487 καὶτοῖς

220 4523 339 4594 λοιποῖς
366 4530 461 4586 πᾶσιν
489 4523 666 4605 εὐδοκιμεῖν
693 4523 807 4594 αὐτοὺς
834 4524 1014 4605 ἀναγκαῖον,
1043 4524 1080 4587 ἐκ
1106 4523 1226 4586 τούτων
1255 4523 1394 4604 φανερόν
