3522 5436
863 531 1082 591 ..12-

474 707 502 767 3.
527 701 758 766 Leosthenis
783 703 960 766 laudatio
986 703 1026 790 §§
1052 708 1170 768 9-14,

474 817 545 882 Iam
570 817 610 882 ad
628 817 754 882 laudem
774 818 863 882 ducis
881 839 914 882 se
932 822 1097 883 convertit.
1132 817 1267 902 Qualem
1286 821 1377 884 unius
1393 821 1453 882 riri
1469 839 1574 902 prae-

385 925 578 988 dicationem
607 925 702 988 factis
726 923 919 988 Leosthenis
944 924 1063 1007 deberi,
1092 947 1174 1008 quae
1203 925 1378 990 secundum
1408 927 1573 1008 temporis

385 1031 529 1095 ordinem
554 1041 764 1116 exponuntur,
790 1030 1035 1098 demonstratur.
1069 1031 1268 1096 Leosthenes
1289 1035 1461 1096 enimcum
1482 1031 1571 1096 vidit

384 1140 534 1201 miserum
564 1148 680 1202 statum
708 1136 874 1219 Graeciae,
908 1161 991 1221 quae
1025 1161 1042 1202 a
1072 1138 1223 1222 Philippo
1252 1149 1348 1222 atque
1372 1138 1569 1204 Alexandro

383 1266 441 1327 per
465 1245 610 1308 homines
637 1246 807 1326 largitione
831 1256 998 1328 corruptos
1023 1245 1236 1328 premebatur,
1260 1267 1293 1310 se
1316 1249 1421 1328 ipsum
1439 1248 1568 1328 patriae

384 1350 579 1431 liberandae,
612 1354 748 1434 patriam
777 1351 918 1415 libertati
951 1355 1118 1417 universae
1143 1350 1301 1418 Graeciae
1334 1353 1475 1416 tradidit.
1523 1352 1567 1416 In

385 1459 447 1521 hoo
481 1467 529 1520 est
561 1461 665 1542 prima
697 1458 801 1522 laudis
836 1480 933 1523 causa
959 1497 996 1506 -
1027 1463 1215 1543 προαίρεσις.
1262 1460 1355 1524 Haec
1388 1458 1566 1524 affirmatio

385 1564 546 1628 rhetorica
564 1564 679 1628 deinde
690 1564 784 1628 rebus
797 1568 905 1646 gestis,
922 1587 938 1628 e
956 1566 1071 1649 quibus
1083 1568 1176 1630 simul
1186 1569 1285 1630 virtus
1298 1567 1386 1630 ducis
1399 1575 1566 1649 appareat,

384 1669 552 1752 probatur:
593 1675 765 1735 exercitum
806 1675 1097 1736 mercennariorum
1137 1673 1303 1754 conduxit,
1342 1673 1407 1736 dux
1446 1675 1566 1736 civium

383 1777 631 1841 Atheniensium
654 1778 760 1841 factus
787 1787 847 1860 est,
881 1800 948 1860 eos,
987 1783 1041 1862 qui
1070 1783 1163 1862 primi
1192 1779 1332 1844 libertati
1362 1777 1563 1845 Graecorum

384 1883 588 1948 obstiterunt:
613 1885 777 1968 Boeotios,
802 1885 1005 1966 Macedones,
1031 1885 1237 1950 Euboeeuses
1258 1888 1337 1951 alios
1362 1890 1396 1950 in
1422 1887 1564 1950 Boeotia

384 1994 554 2074 superavit,
575 1991 806 2075 Thermopylas
824 1997 1001 2075 occuparit,
1026 1992 1232 2077 Antipatrum
1255 1990 1426 2058 Graeciam
1442 1996 1563 2056 intrare

383 2097 556 2180 prohibuit,
588 2101 672 2179 vicit,
701 2099 833 2162 Lamiae
862 2099 1030 2164 obsidione
1062 2101 1184 2180 clausit,
1214 2100 1351 2182 deniqne
1380 2099 1563 2180 Thessalos,

384 2203 533 2286 Phocios,
558 2205 694 2270 Aetolos
719 2207 798 2269 alios
824 2208 928 2270 socios
954 2206 1012 2270 sibi
1039 2209 1229 2272 conciliavit.

473 2312 526 2375 Ita
538 2333 583 2394 ea,
598 2334 680 2394 quae
692 2312 752 2376 sibi
763 2313 947 2398 peragenda
962 2325 1174 2396 proposuerat
1189 2314 1404 2399 (προαίρεσις),
1420 2315 1561 2397 pervicit,

384 2418 452 2483 fato
463 2421 531 2502 ipse
541 2421 643 2483 rictus
655 2430 711 2482 est.
736 2419 846 2484 Nihilo
857 2423 961 2483 minus
972 2422 1000 2483 ei
1009 2423 1041 2483 in
1053 2423 1163 2503 primis
1171 2423 1269 2503 (αὐτῷ
1279 2418 1560 2508 nploiraallgratiae

385 2527 481 2590 etiam
498 2526 537 2589 de
554 2529 689 2590 victoria
699 2537 773 2610 post
789 2530 856 2590 eius
873 2537 1009 2590 mortem
1027 2527 1144 2610 adepta
1159 2529 1214 2592 nal
1229 2535 1295 2592 τῶν
1307 2529 1411 2592 ἄλλων
1428 2529 1561 2610 ἀγαθῶν

385 2633 528 2714 agendae
540 2644 621 2714 sunt,
632 2655 703 2696 oum
715 2632 926 2697 fundamenta
936 2655 1040 2697 rerum
1051 2635 1262 2698 secundarum
1276 2633 1316 2697 ab
1328 2655 1365 2698 eo
1374 2637 1481 2717 posita
1491 2636 1559 2699 sint.

473 2740 513 2803 Iu
538 2741 598 2805 hao
622 2741 717 2804 lande
742 2743 919 2808 invenimus
943 2741 1014 2804 illas
1038 2743 1070 2804 in
1096 2743 1268 2824 partitione
1291 2743 1474 2824 propositas
1492 2762 1559 2804 sen-

385 2849 517 2911 tentias:
546 2851 572 2912 1.
588 2851 779 2931 προαίρεσιν,
806 2853 833 2911 2.
851 2849 972 2931 ἀρετήν,
997 2869 1132 2930 quarum
1152 2848 1286 2912 alteram
1303 2847 1422 2930 duplici
1439 2850 1559 2911 ratione

386 2963 495 3018 orator
528 2957 684 3038 sequitur:
725 2959 756 3038 a)
782 2964 940 3038 quatenus
979 2956 1049 3036 ipsa
1090 2976 1106 3018 e
1140 2953 1235 3018 rebus
1267 2957 1366 3036 gestis
1400 2963 1559 3037 appareat,

386 3081 579 3143 quamquam
616 3060 747 3124 definite
781 3061 842 3125 hoc
876 3082 938 3124 non
973 3070 1254 3141 commemoratur,
1291 3045 1340 3144 b)¹
1359 3069 1516 3143 quatenus
1543 3080 1559 3121 e

278 3249 282 3258 Ι
385 3189 665 3232 successurorum
688 3179 849 3250 gestarum
875 3168 1112 3231 manifestetur:
1136 3167 1173 3231 τὰ
1196 3168 1312 3249 ἀγαθά.

474 3304 503 3364 4.
527 3300 721 3365 Laudatio
746 3302 909 3364 militum
935 3299 974 3385 ἐξ
1002 3305 1139 3364 15-23.

474 3414 667 3480 Leosthenis
686 3417 779 3480 lande
792 3425 925 3499 peracta
941 3419 1006 3480 iam
1024 3418 1158 3480 militum
1175 3415 1373 3499 praedicatio
1391 3414 1557 3498 praevalet,

386 3521 426 3586 ad
441 3544 535 3605 quam
550 3535 659 3588 orator
671 3523 904 3606 transgreditur
916 3544 973 3605 per
990 3525 1279 3606 praemunitionem
1290 3521 1556 3605 (apodro'pdwcat).

386 3651 425 3693 ne
451 3631 521 3711 quis
545 3639 637 3712 putet
660 3644 818 3694 oratorem
846 3631 949 3694 solum
974 3629 1088 3693 ducem
1105 3628 1254 3693 laudibus
1272 3627 1393 3708 efferre,
1418 3627 1458 3692 de
1481 3627 1555 3690 mili-

386 3734 471 3799 tibus
504 3745 612 3801 autem
645 3739 731 3800 nulla
764 3736 863 3801 verba
895 3737 1018 3816 iaceam
1051 3739 1148 3800 immo
1182 3735 1321 3799 affirmat
1350 3734 1443 3799 laude
1473 3734 1555 3797 ducis

386 3845 482 3906 etiam
515 3843 643 3907 laudem
676 3845 812 3907 militum
846 3846 1015 3908 contineri:
1054 3845 1143 3906 illum
1178 3843 1311 3906 consilia
1344 3863 1471 3924 capere,
1504 3841 1555 3904 hos

385 3952 535 4014 victorias
579 3953 746 4033 consequi:
785 3953 893 4034 itaque
932 3950 1027 4014 laude
1066 3952 1219 4013 victoriae
1258 3971 1322 4012 una
1361 3971 1433 4012 cum
1466 3948 1554 4011 ductu

385 4054 577 4120 Leosthenis
601 4061 750 4121 virtutem
775 4059 932 4121 exercitus
957 4056 1120 4121 celebrari.

476 4161 661 4247 Sequuntur
674 4184 789 4228 causae
803 4163 1012 4227 laudationis:
1028 4165 1167 4246 primum
1180 4162 1419 4226 demonstratur
1428 4161 1553 4224 militum

385 4273 485 4335 virtus
503 4271 632 4356 (ἀρετή),
657 4293 739 4353 quae
755 4282 858 4334 morte
876 4291 985 4333 eorum
1002 4291 1060 4352 pro
1077 4269 1225 4333 libertate
1245 4266 1402 4334 Graeciae
1420 4269 1554 4350 oppetita

329 4437 330 4444 ,
385 4377 576 4457 illustratum
611 4381 665 4460 qui
694 4399 784 4441 amor
813 4380 935 4460 patriae
965 4379 1061 4440 etiam
1091 4398 1130 4439 ex
1159 4397 1196 4439 eo
1226 4386 1374 4459 apparet,
1407 4373 1493 4457 quod
1520 4372 1554 4435 ad

306 4534 310 4544 .
385 4487 520 4567 primam
541 4506 682 4568 pugnam
703 4486 735 4547 in
753 4484 891 4548 Boeotia
909 4483 1172 4547 committendam
1190 4491 1364 4564 conspectu
1381 4479 1552 4546 Thebarum
