3522 5436
807 557 1023 618 -34..

326 741 381 818 τῆς
400 739 464 798 τῶν
483 735 614 808 ζώντων
636 733 792 816 σωτηρίας
811 732 990 814 ἠλλάξαντο.
1016 729 1092 794 ibid.
1113 730 1213 796 246d.
1237 730 1501 814 Ps.-Lys.1168.

328 838 405 924 Lyc.
423 838 536 904 Leoor.
552 843 610 904 46:
635 841 746 904 desciret
769 841 812 910 εἰς
834 839 890 921 τὴν
912 839 1022 921 κοινήν
1045 841 1203 922 σωτηρίαν
1225 845 1279 921 τῆς
1301 839 1425 908 πόλεως
1447 837 1502 908 τὰς

327 947 435 1029 ψυχὰς
454 944 545 1031 (τὰς)
565 947 671 1010 αὑτῶν
688 946 864 1027 ἀνήλωσαν.
893 943 970 1011 ibid.
985 949 1038 1026 47,
1055 948 1106 1028 86,
1118 947 1169 1010 88.
1199 944 1289 1009 Dem.
1299 942 1427 1007 XVIII
1438 946 1500 1006 289

330 1053 550 1138 (ἐπίγραμμα).
585 1052 685 1116 Isocr.
703 1051 754 1114 lV
767 1056 816 1116 77.

417 1158 653 1223 Defunctorum
667 1178 765 1241 opera
776 1166 936 1242 parentes,
948 1157 1049 1240 liberi,
1062 1160 1234 1241 propinqui
1248 1158 1500 1222 benevolentiam

330 1267 445 1330 civium
462 1276 493 1330 et
508 1265 661 1328 honorem
676 1267 815 1330 assecuti
830 1275 904 1329 sunt
918 1267 937 1348 ᾗ
949 1269 999 1346 27,
1013 1265 1053 1329 ci.
1064 1264 1146 1329 Plat.
1157 1265 1282 1328 Mencx.
1293 1264 1500 1346 248el249a:

328 1381 382 1456 τῆς
411 1373 445 1437 δὲ
471 1373 596 1443 πόλεως
623 1375 684 1437 ἴστε
710 1397 773 1437 που
801 1373 856 1437 καὶ
884 1375 972 1438 αὐτοὶ
999 1373 1054 1456 τὴν
1086 1373 1274 1455 ἐπιμέλειαν,
1307 1374 1352 1436 ὅτι
1384 1373 1503 1453 νόμους

328 1482 448 1562 θεμένη
472 1480 542 1561 περὶ
564 1479 637 1550 τοὺς
659 1486 723 1543 τῶν
747 1481 779 1544 ἐν
796 1487 841 1562 τῷ
856 1481 988 1563 πολέμῳ
1003 1482 1252 1562 τελευτησάντων
1266 1480 1382 1549 παῖδάς
1400 1503 1432 1541 τε
1450 1478 1503 1540 καὶ

329 1588 516 1669 γεννήτορας
534 1587 725 1668 ἐπιμελεῖται,
749 1587 803 1650 καὶ
820 1587 1035 1669 διαφερόντως
1050 1593 1114 1650 τῶν
1130 1588 1234 1650 ἄλλων
1249 1587 1386 1650 πολιτῶν
1403 1607 1502 1665 προσ-

328 1695 467 1757 τέτακται
490 1693 652 1775 φυλάττειν
675 1694 759 1776 ἀρχῇ
782 1695 863 1776 ἥπερ
884 1696 1011 1776 μεγίστη
1036 1695 1128 1766 ἐστίν,
1157 1695 1247 1763 ὅπως
1269 1695 1308 1755 ἂν
1331 1693 1362 1755 οῖ
1384 1692 1503 1754 τούτων

329 1800 374 1883 μὴ
399 1801 569 1864 ἀδικῶνται
591 1802 722 1881 πατέρες
744 1825 775 1864 τε
798 1801 851 1864 καῖ
873 1803 1032 1883 μητέρεςῑ.

420 1904 511 1988 Quae
540 1906 709 1970 commoda
738 1927 809 1970 cum
835 1905 1058 1989 superstitibus
1083 1917 1184 1970 morte
1209 1925 1267 1970 sua
1289 1904 1503 1988 praebuerint,

330 2034 534 2097 nequaquam
563 2015 682 2096 perisse
712 2016 831 2076 oratori
858 2012 1021 2094 videntur,
1051 2012 1106 2077 sed
1135 2016 1167 2076 iu
1198 2013 1362 2076 meliorem
1386 2021 1503 2075 statum

331 2122 483 2184 transisse
514 2119 532 2205 ξ
555 2125 595 2184 27
604 2143 612 2199 ;
642 2141 706 2202 quo
733 2119 830 2184 modo
854 2129 988 2184 mortem
1015 2123 1129 2184 ceteris
1152 2118 1334 2183 hominibus
1359 2119 1503 2182 odiosam

332 2226 419 2290 bisce
437 2225 596 2290 defunctis
612 2229 738 2290 initium
754 2248 942 2308 magnorum
959 2226 1116 2291 bonorum
1134 2228 1292 2291 exstitisse
1309 2236 1403 2309 putat
1419 2228 1437 2308 ς
1454 2229 1503 2291 28.

333 2332 477 2399 Similem
518 2335 708 2397 sententiam
747 2333 901 2397 habemus
939 2336 971 2397 in
1011 2333 1157 2398 Platonis
1189 2333 1353 2416 Apologia
1385 2332 1502 2417 40blc:

331 2441 503 2504 κινδυνεύει
532 2441 593 2523 γάρ
620 2465 675 2522 μοι
702 2440 738 2504 τὸ
764 2442 966 2524 ξυμβεβηκδς
992 2448 1083 2505 τοῦτο
1112 2441 1237 2524 ἀγαδδν
1266 2443 1424 2523 γεγονέναι
1451 2439 1504 2503 καῖ

333 2547 393 2610 οὐκ
417 2547 485 2610 ἔσθ’
511 2548 601 2618 ὅπως
623 2549 712 2630 ἡμεῖς
735 2548 846 2629 ὀρδῶς
865 2549 1142 2630 ὑπολαμβάνομεν,
1167 2549 1236 2611 ὅσοι
1251 2549 1388 2630 σι’άμεάσ
1404 2546 1505 2610 κακὸν

330 2655 408 2717 εῖναι
439 2654 474 2717 τὸ
506 2655 660 2717 τεθνάναι.
707 2653 894 2735 intercedit,
927 2653 1015 2736 quod
1043 2653 1193 2719 Socrates
1222 2653 1309 2736 apud
1337 2653 1504 2717 Platonem

331 2760 463 2841 exponit
498 2769 632 2823 mortem
663 2761 791 2823 omnino
819 2761 906 2824 haud
931 2763 1048 2824 malum
1074 2783 1158 2840 esse3
1190 2759 1374 2842 Hyperides
1399 2769 1505 2823 autem

332 2866 453 2929 claram
486 2878 620 2930 mortem
654 2869 794 2930 virorum
826 2867 958 2930 fortium
993 2890 1012 2931 a
1044 2867 1106 2931 fine
1136 2879 1312 2931 ceterorum
1342 2867 1504 2930 hominum

332 2971 512 3055 distinguit,
541 2995 658 3056 eosque
684 2975 769 3037 solos
794 2973 812 3059 ξ
837 2979 877 3038 28
903 2977 1064 3038 existimat
1087 2987 1216 3039 renatos
1241 2995 1326 3038 esse:
1351 2975 1385 3047 ἐξ
1408 2975 1507 3055 ἀρχῆς

314 3081 493 3162 ’γεγονέναι
516 3082 634 3146 καλλίω
658 3084 775 3164 γένεσιν
797 3090 852 3165 τῆς
874 3085 1003 3165 πρώτης
1025 3084 1218 3165 ὑπαρξάσης.
1242 3118 1284 3128 -
1309 3080 1426 3162 Itaque
1450 3100 1508 3162 per·

334 3184 490 3250 beneficia
529 3209 604 3268 erga
643 3190 830 3270 superstites
868 3187 1022 3252 laudandi
1062 3188 1148 3252 beati
1187 3189 1349 3250 dicuntur:
1394 3189 1507 3248 merita

332 3306 568 3376 enumerantur,
599 3293 715 3358 deinde
741 3307 850 3358 orator
873 3293 970 3359 verbo
995 3298 1139 3378 γίγνομαι
1163 3304 1276 3378 quater
1300 3293 1341 3357 ad
1366 3293 1506 3356 diversas

333 3403 510 3464 sententias
536 3401 759 3483 exprimendas
784 3400 929 3464 adhibito
954 3400 1071 3483 frigido
1097 3401 1183 3465 dicto
1208 3421 1266 3464 nos
1290 3399 1450 3464 offendit2.

424 3504 619 3588 Superstites
657 3510 688 3570 in
723 3507 869 3571 omuibus
902 3511 987 3571 vitae
1019 3506 1290 3572 vicissitudinibus
1323 3509 1507 3571 meritorum

333 3633 445 3676 eorum
462 3616 705 3678 reminiscentur
718 3614 757 3700 ἓξ
771 3619 910 3696 30-32,
925 3614 1039 3698 quibus
1050 3613 1154 3678 verbis
1171 3625 1279 3678 orator
1289 3614 1508 3677 demonstrare

333 3719 443 3783 studet
477 3741 592 3784 novam
622 3720 846 3784 defunctorum
875 3723 973 3785 ritum
1001 3722 1165 3786 meliorem
1195 3741 1264 3784 esse
1287 3723 1403 3803 priore,
1437 3739 1509 3782 cum

332 3827 399 3889 iam
426 3829 543 3891 virtute
573 3848 630 3891 sua
660 3827 805 3893 omnibus
836 3830 902 3892 noti
931 3831 1002 3894 sint.
1049 3828 1111 3891 His
1140 3829 1313 3908 sententiis,
1342 3848 1424 3908 quae
1452 3845 1509 3908 per

332 3933 523 4015 ampliorem
548 3937 835 4015 interrogationum
860 3934 1004 3998 ordinem
1027 3934 1242 4016 proferuntur,
1267 3935 1444 3999 simillimus
1462 3942 1510 3995 est

428 4127 435 4158 ¹
455 4126 603 4197 [Ps.·Dom.
622 4128 673 4181 LX
688 4129 735 4181 32:
761 4129 889 4183 εὔκλειαν
912 4126 1005 4201 σῖγήρω
1024 4133 1242 4193 καταλείπουσιν,
1263 4129 1293 4184 ἐν
1313 4119 1330 4204 ᾗ
1349 4131 1396 4181 καὶ
1414 4129 1510 4188 παῖδες

333 4217 363 4268 οἱ
395 4213 497 4270 τούτων
525 4217 674 4290 ὀνομαστοὶ
704 4215 898 4290 τραφήσονται,
932 4221 978 4271 καῖ
1006 4225 1100 4288 γονεῖς
1128 4217 1165 4287 [σί
1194 4216 1306 4288 τούτων]
1337 4220 1510 4288 περίβλεπτοι

335 4303 614 4376 γηροτροφήσονται,
633 4303 801 4378 παραψυχήν
819 4313 856 4378 τῷ
874 4309 973 4362 πένθει
993 4303 1042 4378 τήν
1061 4305 1164 4361 τούτων
1183 4306 1311 4361 εὔκλειαν
1330 4307 1445 4379 ἔχοντες.

425 4395 437 4432 ²
456 4393 543 4447 Blass.
563 4391 712 4466 1.e.111{:
736 4395 846 4462 λέοείὶρ
864 4397 900 4448 ist
918 4396 966 4448 das
986 4393 1063 4463 Spiol
1082 4396 1132 4448 mit
1150 4396 1203 4448 den
1222 4395 1438 4448 verschiedenen
1458 4395 1510 4446 Be-

333 4483 495 4550 deutungen
515 4499 569 4535 von
588 4486 745 4554 γεγονέναι.
