3522 5436
730 595 949 654 ,55-

250 768 378 849 μονίσυ)
402 769 575 849 participes
599 767 724 832 futuros
742 789 819 849 esse,
844 789 908 851 quo
926 767 1011 833 dicto
1029 771 1232 851 quaestiones
1250 770 1289 834 de
1306 770 1424 835 iudicio

252 883 348 956 atque
378 874 524 937 mercede
554 873 777 938 defunctorum
806 877 916 958 tangit.
962 875 1060 958 Apud
1093 886 1236 940 oratores
1264 899 1426 960 perpauca

252 979 344 1043 huius
362 979 449 1043 modi
467 979 649 1056 habemus¹,
675 982 715 1045 cf.
731 981 814 1047 Plat.
831 981 956 1045 Menex.
975 981 1078 1046 246d:
1102 985 1272 1066 ἡγούμενοι
1290 991 1335 1067 τῷ
1354 985 1425 1056 τοὺς

251 1088 348 1151 αὑτοῦ
377 1088 554 1170 αἰσχύνοντι
581 1090 718 1172 ἀβίωτον
746 1090 836 1160 εἶναι,
867 1090 920 1153 καί
948 1095 993 1171 τῷ
1020 1091 1151 1172 τοιούτῳ
1179 1093 1250 1154 οὔτε
1276 1092 1342 1155 τινὰ
1370 1093 1424 1154 ἀν-

250 1195 399 1276 θρώπων
431 1197 502 1258 οὔτε
537 1197 625 1259 θεῶν
660 1197 752 1278 φίλον
787 1198 864 1259 εἶναι
899 1195 963 1260 οὔτ’
996 1197 1045 1260 ἐπὶ
1080 1203 1136 1279 γῆς
1170 1195 1244 1261 οὔθ’
1273 1198 1336 1261 ὑπὸ
1369 1205 1426 1281 γῆς

249 1302 468 1385 τελευτήσαντι.
511 1301 604 1365 Dem.
620 1300 726 1365 XXV
744 1306 799 1366 53:
823 1303 881 1366 εἶθ’
908 1305 945 1366 ὃν
969 1304 1044 1367 udde
1067 1309 1131 1366 τῶν
1154 1305 1188 1367 ἐν
1205 1305 1312 1369 Ἅιδου
1336 1305 1425 1368 θεῶν

251 1408 335 1478 εἰκός
362 1409 424 1472 ἔστι
450 1416 553 1492 τυχεῖν
581 1410 682 1482 ίλεσον,
713 1409 780 1472 ἀλλ’
805 1411 847 1480 εἷς
873 1409 945 1480 τοὺς
973 1411 1094 1492 ἀσεβεῖς
1122 1412 1267 1494 ὠσθῆναι
1295 1412 1345 1475 ded
1369 1412 1425 1495 τήν
1482 1438 1485 1445 ·

250 1517 405 1597 πονηρίαν
427 1522 482 1579 τοῦ
506 1517 587 1598 βίου.

342 1618 478 1704 Saepius
504 1621 542 1685 de
567 1623 691 1685 ratione
716 1621 939 1686 defunctorum
964 1625 1029 1704 agit
1057 1622 1165 1704 Plato,
1194 1625 1248 1706 qui
1275 1624 1426 1707 postulat,

252 1737 287 1790 ut
314 1729 445 1791 iuvenes
470 1731 516 1791 ita
542 1727 731 1809 educentur,
761 1740 795 1791 ut
824 1749 934 1792 omues
959 1731 1042 1793 cives
1066 1740 1202 1794 mortem
1227 1732 1370 1795 servituti
1395 1739 1426 1795 et

253 1833 396 1898 cladibus
416 1833 608 1917 praeferant,
633 1833 671 1900 cf.
692 1834 883 1900 P01.386b:
910 1837 959 1900 δεῖ
979 1838 1028 1919 δή,
1053 1839 1099 1908 ὡς
1122 1840 1230 1920 ἔοικεν,
1254 1841 1337 1921 ήμᾶς
1360 1840 1425 1903 ἔπι-

252 1949 369 2006 στατεῖν
396 1943 450 2005 καί
477 1944 550 2024 περί
570 1944 691 2007 τούτων
714 1949 779 2006 τῶν
801 1944 920 2025 μύθων
943 1951 1006 2014 τοῖς
1029 1946 1216 2027 ἐπιχειροῦσι
1238 1945 1344 2026 λέγειν,
1372 1947 1426 2009 καὶ

253 2049 375 2113 δεῖσθαι
401 2049 446 2132 μή
475 2050 629 2130 λοιδορεῖν
658 2051 767 2120 ἁπλῶς
796 2051 898 2120 οὕτως
925 2051 961 2113 τά
990 2052 1024 2114 ἐν
1047 2051 1167 2126 Ἅιδου,
1200 2051 1277 2114 ἀλλά
1304 2052 1425 2133 μᾶλλον

252 2156 400 2229 ἐπαινεῖν,
434 2157 480 2226 ὡς
512 2156 575 2220 οὔτ’
606 2157 712 2240 άληθή
743 2158 890 2238 λέγοντας
919 2157 984 2220 οὔτ’
1014 2158 1161 2239 ὠφέλιμα
1187 2165 1251 2229 τοῖς
1277 2159 1426 2240 μέλλουσι

250 2264 411 2345 μαχίμους
439 2264 574 2328 ἔσεσθαι.
608 2301 650 2309 -
685 2259 869 2327 Secundum
897 2263 958 2326 hoo
987 2264 1182 2345 postulatum
1207 2285 1359 2347 persaepe
1385 2263 1424 2328 de

251 2367 475 2431 benevolentia
498 2380 594 2452 atque
619 2390 696 2432 cura
721 2367 861 2451 deorum,
888 2391 950 2452 qua
976 2369 1077 2434 bonos
1101 2373 1185 2434 viros
1209 2373 1240 2434 in
1266 2369 1352 2436 Orco
1376 2392 1425 2435 re·

253 2476 381 2556 cipiunt,
398 2484 523 2554 tractat,
549 2476 588 2538 ci.
605 2474 687 2541 Plat.
705 2475 785 2539 rim.
802 2475 887 2540 42b:
911 2478 964 2540 καί
984 2478 1002 2540 ὁ
1019 2478 1078 2559 μίν
1097 2476 1132 2541 εὖ
1151 2478 1205 2542 τὸν
1223 2481 1425 2562 προσήκοντα

251 2583 369 2665 χρόνον
382 2575 481 2666 βιούς,
497 2584 589 2647 πάλιν
606 2585 648 2654 είς
662 2584 718 2665 τήν
734 2589 789 2646 τοῦ
806 2583 966 2665 ξυννόμου
981 2585 1150 2666 πορευθεὶς
1165 2587 1286 2667 οἴκησιν
1299 2587 1424 2667 ἀστρου,

251 2691 321 2772 βίον
350 2691 524 2771 εὐδαίμονα
551 2692 605 2754 καὶ
633 2691 757 2773 συνήθη
786 2692 858 2764 ἕξοι.
900 2688 1037 2756 Phaedr.
1063 2689 1202 2774 249alb,
1236 2691 1303 2756 Pol.
1327 2695 1424 2758 4960.

253 2793 350 2878 Gorg.
368 2795 503 2880 523alb.

342 2899 433 2985 Quae
458 2905 484 2964 si
508 2902 727 2984 recordamur,
756 2901 892 2966 fortasse
922 2924 1051 2967 censere
1075 2925 1243 2986 possumus
1268 2904 1423 2969 hocloco

252 3007 451 3090 Hyperidem
481 3009 677 3090 aliquantum
704 3010 869 3072 sententiis
892 3007 1084 3090 Platonicis,
1113 3031 1305 3093 quamquam
1331 3021 1424 3076 caute

253 3125 283 3178 et
308 3113 413 3193 dubie,
438 3135 527 3177 usum
553 3136 631 3178 esse.
670 3115 745 3198 Ipse
767 3115 861 3179 Plato
886 3136 948 3179 non
975 3115 1108 3198 dubitat,
1133 3120 1207 3200 quin
1233 3121 1307 3181 viris
1332 3118 1424 3182 bonis

252 3221 297 3285 dii
319 3222 495 3302 consulant,
520 3222 560 3286 uf.
576 3220 674 3304 Apol,
690 3221 774 3285 41d:
800 3225 860 3287 οὐκ
876 3225 956 3286 ἔστιν
972 3225 1064 3305 ἀνδρὶ
1080 3225 1196 3307 ἀγαθῷ
1212 3225 1315 3288 κακὸν
1331 3227 1425 3290 οὐθὲν

252 3332 323 3392 οὔτε
346 3331 439 3403 ζῶντι
462 3330 532 3392 οὔτε
555 3330 772 3410 τελευτήσαντι,
797 3329 872 3393 οὐδὲ
896 3330 1050 3412 ἀμελεῖται
1069 3331 1131 3394 ἀπὸ
1150 3332 1239 3395 θεῶν
1257 3331 1294 3395 τά
1313 3334 1423 3397 τούτου

251 3437 429 3518 πράγματα.
465 3433 586 3498 'damen
612 3433 788 3498 concedere
813 3456 911 3518 cogor
934 3436 1017 3500 hanc
1033 3437 1209 3518 Hyperidis
1234 3441 1423 3503 seutentiam

251 3544 429 3623 graviorem
444 3562 512 3605 esse
525 3562 621 3624 quam
633 3541 713 3622 illas,
731 3563 809 3624 quas
822 3542 877 3605 alii
890 3545 1069 3606 orationum
1082 3543 1262 3608 funebrium
1277 3555 1423 3609 auctores

251 3648 431 3729 proferunt,
461 3669 532 3712 cum
561 3647 722 3711 affirmant
748 3647 917 3712 defunctos
942 3659 1074 3732 propter
1097 3649 1234 3715 honores
1259 3650 1298 3714 ab
1323 3652 1423 3716 homi·

253 3752 345 3817 nibus
362 3755 423 3818 illis
440 3753 603 3836 praebitus
621 3755 681 3818 diis
698 3756 816 3818 similes
834 3755 1011 3820 censendos
1029 3777 1106 3837 esse,
1123 3756 1163 3822 uf.
1176 3756 1259 3824 Plut.
1270 3758 1383 3822 Pericl.
1395 3762 1424 3840 8,

253 3859 339 3942 quod
364 3859 483 3924 dictum
509 3883 548 3926 ex
572 3865 717 3927 oratione
741 3859 824 3926 bello
847 3859 956 3927 Samio
978 3861 1087 3926 habita
1111 3863 1258 3927 haustum
1282 3864 1422 3929 videtur:

253 3969 487 4038 ...ἀθανάτους
503 3969 587 4051 ἔλεγε
603 3971 762 4051 γεγονέναι
776 3970 926 4051 καθάπερ
941 3970 1014 4041 τοὺς
1028 3971 1138 4042 θεούς·
1154 3972 1192 4035 οὗ
1209 3972 1270 4054 γάρ
1286 3974 1424 4044 ἐκείνους

252 4074 365 4146 αὐτοὺς
393 4075 535 4157 ὁρῶμεν,
564 4075 640 4140 ἀλλά
668 4083 734 4147 ταῖς
760 4083 873 4158 τιμαῖς,
901 4079 939 4148 ἃς
967 4079 1086 4159 ἔχουσι,
1114 4079 1167 4141 καί
1194 4085 1257 4149 τοῖς
1280 4080 1423 4160 ἀγαθοῖς,

251 4183 271 4244 ἃ
294 4183 477 4264 παρέχουσι,
501 4183 682 4253 ἀθανάτους
705 4184 781 4247 εἶναι
804 4184 1055 4266 τεκμαιρόμεθα·
1082 4184 1165 4247 ταῦτ’
1191 4183 1248 4248 οὖν
1272 4186 1423 4267 ὑπάρχειν

251 4289 304 4351 καί
326 4295 389 4359 τοῖς
412 4288 491 4370 ὑπὲρ
513 4295 567 4371 τῆς
589 4291 739 4370 πατρίδας
761 4291 979 4356 ἀποθανοῦσι..
1017 4288 1300 4371 Ps.-Lys.1180⁹.

342 4447 351 4478 ¹
371 4446 405 4499 ci.
420 4445 519 4512 Macar,
539 4445 572 4499 N.
585 4445 682 4500 Jahrb.
697 4447 716 4499 ί.
730 4447 767 4501 kl.
781 4447 880 4501 Philol.
896 4447 972 4514 leae,
991 4464 1018 4516 p.
1033 4447 1093 4502 814.

340 4535 351 4568 ¹
371 4533 518 4606 [Pu-Dm.
531 4534 583 4588 Lx
595 4535 638 4602 84,
651 4535 705 4606 dd]
