3522 5436
726 583 944 642 -45-

249 757 364 840 calte,
389 761 440 819 57:
468 755 516 821 ὧν
544 759 637 820 ἕνεκα
667 758 715 820 δεῖ
740 757 861 838 μόνους
887 758 942 820 καὶ
969 759 1145 838 προστάτας
1175 764 1238 821 τῶν
1262 757 1426 840 Ἑλλήνων

247 864 301 926 καὶ
333 864 492 946 ἡγεμόνας
523 869 587 927 τῶν
614 863 740 927 πόλεων
769 865 938 945 γίγνεσθαι.
988 862 1070 926 Plat.
1091 863 1172 927 Tim.
1195 862 1310 941 25blc.
1344 861 1425 946 Lyc.

249 968 361 1033 Leocr.
379 973 429 1049 61,
448 974 497 1051 72,
516 973 588 1050 104,
607 973 678 1033 108.
710 969 802 1032 Deru.
821 969 878 1033 ΙΙΙ
897 972 938 1033 24
959 968 1067 1054 (ΧΙΠ
1084 970 1147 1054 26),
1171 969 1226 1033 IX
1243 974 1294 1051 23,
1317 968 1353 1033 Χ
1370 975 1424 1052 46,

249 1080 304 1157 50,
330 1078 384 1156 74,
417 1075 486 1140 XV
513 1080 568 1139 30:
612 1077 713 1141 κοινοί
754 1079 925 1158 προστάται
966 1084 1021 1161 τῆς
1062 1079 1191 1141 πάντων
1234 1079 1424 1158 ἐλευθερίας.

248 1181 339 1246 XIX
363 1186 420 1246 64:
448 1189 503 1267 τῆς
526 1184 708 1267 Ἀθηναίων
735 1185 872 1258 πόλεως,
900 1183 921 1267 ᾖ
948 1186 1138 1265 προεστάναι
1169 1190 1233 1248 τῶν
1262 1183 1426 1267 Ἑλλήνων

247 1292 387 1371 πάτριον.
430 1287 542 1353 XXII
567 1293 618 1356 00.
665 1289 839 1356 1000001*
865 1294 919 1372 ao,
944 1295 995 1371 57,
1020 1295 1074 1371 00,
1096 1294 1151 1371 so,
1175 1294 1230 1372 95,
1255 1293 1422 1372 98-100,

251 1399 442 1477 103-106,
478 1400 555 1476 119,
579 1395 650 1460 VII
679 1401 735 1462 66:
774 1397 871 1480 αὐτὴν
908 1399 999 1471 ἀξίαν
1036 1400 1113 1461 εἶναι
1146 1398 1191 1481 μὴ
1224 1398 1326 1480 μόνον
1357 1404 1425 1461 τῶν

244 1503 404 1586 Ἑλλήνων
441 1505 547 1586 ἀρχειν
584 1504 660 1567 ἀλλὰ
697 1505 750 1567 καί
787 1511 851 1568 τῶν
889 1505 994 1568 ἄλλων
1033 1506 1190 1568 ἁπάντων.
1233 1503 1323 1567 VIII
1350 1506 1425 1584 141,

247 1607 323 1673 XII
345 1614 416 1675 190.
453 1609 649 1674 0100010111
673 1614 834 1690 134143.
869 1610 946 1675 Eur.
969 1607 1079 1693 Suppl.
1100 1631 1126 1672 r.
1148 1614 1261 1692 188sq.

336 1716 586 1780 Demonstratur
613 1719 631 1799 ᾖ
654 1721 695 1780 20
719 1718 873 1799 populum
901 1719 988 1800 pium
1014 1739 1096 1792 osse,
1121 1720 1206 1780 ciros
1231 1728 1263 1780 et
1286 1738 1344 1799 per
1367 1738 1424 1780 eos

249 1824 370 1886 scilicet
394 1826 489 1886 etiam
514 1845 579 1887 rem
604 1822 764 1906 publicam
790 1823 822 1886 id
847 1822 1016 1904 studuisse,
1042 1836 1076 1887 ut
1099 1826 1220 1887 iustitia
1242 1835 1426 1887 servaretur

249 1931 317 2011 (τοῦ
346 1932 468 1994 δικαίου
497 1931 631 2012 δύναμιν
660 1931 797 2015 ἰσχύειν).
848 1930 1003 1994 Defuncti
1031 1951 1089 2013 pro
1118 1933 1241 2012 patriae
1273 1930 1424 1994 libertate

248 2045 383 2100 mortem
416 2035 575 2117 obierunt,
610 2037 687 2100 nihil
721 2039 805 2100 euim
838 2039 898 2100 uisi
932 2036 1062 2101 libertas
1093 2037 1291 2122 (αὐτονομία)
1321 2036 1424 2100 beati·

248 2141 389 2206 tudinem
424 2142 565 2225 praebet.
612 2141 717 2225 Leges
745 2145 851 2207 valere
881 2165 1010 2207 necesse
1037 2157 1099 2226 est,
1133 2165 1195 2207 nou
1225 2144 1422 2226 singulorum

249 2249 411 2312 hominum
437 2249 640 2330 arbitratum,
666 2271 727 2313 nou
753 2249 925 2331 blanditiis,
950 2250 1007 2314 sed
1023 2250 1129 2332 legum
1146 2252 1336 2313 auctoritate
1353 2271 1421 2314 rem

247 2355 408 2438 publicam
438 2355 653 2420 administrari
683 2366 817 2438 oportet.
865 2353 989 2439 Quibus
1015 2355 1119 2420 verbis
1149 2365 1258 2419 orator
1286 2355 1422 2420 liberum

247 2465 294 2526 001
326 2461 473 2546 publicae
507 2473 624 2526 statum
661 2464 798 2545 extollit,
837 2462 877 2527 de
910 2485 973 2546 quo
1014 2465 1108 2528 etiam
1149 2465 1204 2527 alii
1239 2466 1421 2528 orationum

248 2568 430 2632 funebrium
454 2578 601 2633 auctores
627 2581 732 2652 agunt.
772 2568 872 2653 Apud
897 2569 1118 2654 Thucydidem
1143 2570 1182 2634 II
1199 2575 1284 2652 37,1
1311 2569 1423 2634 demo-

249 2678 349 2740 cratia
377 2676 556 2758 appellutur
585 2676 635 2741 διά
659 2676 694 2740 τδ
716 2678 761 2760 μὴ
786 2679 828 2748 εἰς
851 2678 976 2759 ὀλίγους
999 2675 1065 2741 ἀλλ’
1089 2680 1132 2749 εἰς
1155 2679 1300 2748 πλείονας
1325 2681 1425 2742 οἰκεῖν

249 2785 446 2866 δημοκρατία
469 2785 643 2867 κέκληταιΙ.
690 2782 798 2865 Plato,
821 2783 947 2851 Mencx.
970 2783 1095 2866 2380ίά
1119 2786 1278 2848 civitatem
1305 2768 1422 2848 aristo-

249 2892 381 2953 cratiam
412 2911 481 2954 esse
510 2889 601 2970 dicit,
632 2889 688 2953 sed
717 2892 863 2972 apponit:
891 2893 983 2955 καλεῖ
1009 2892 1043 2955 δὲ
1065 2893 1084 2955 ὁ
1106 2893 1165 2974 μὲν
1194 2893 1291 2975 αὐτὴν
1319 2893 1424 2974 δημο-

248 2999 393 3078 κρατίαν,
422 2998 440 3060 ὁ
465 2998 499 3061 δὲ
522 2997 610 3070 ἀλλο,
639 2996 668 3079 ᾧ
696 2999 735 3060 ἀν
763 2999 865 3080 χαίρῃ.
895 3000 956 3062 ἔστι
986 2999 1019 3062 δὲ
1051 3005 1087 3081 τῇ
1115 2999 1247 3081 ἀληθείᾳ
1278 2997 1343 3081 μετ’
1369 3001 1424 3062 εὗ-

249 3104 356 3176 δοξίας
371 3104 516 3187 πλήθους
532 3105 759 3185 ἀριστοκρατία.
795 3101 978 3187 Ps.-Lysias
995 3103 1032 3166 II
1051 3103 1149 3190 18119
1166 3103 1205 3166 de
1223 3103 1420 3168 democratia

248 3208 346 3273 verba
369 3209 475 3273 facite

337 3316 445 3380 Etiam
478 3317 541 3380 alia
574 3316 613 3380 de
646 3319 692 3380 001
724 3315 872 3399 publicae
906 3326 990 3381 statu
1019 3316 1106 3380 dicta
1136 3317 1304 3399 habemus,
1338 3339 1424 3400 quae

249 3421 478 3487 democratiam
505 3422 696 3507 praedicant
728 3435 759 3487 et
790 3422 970 3487 libertatem
1004 3445 1131 3507 quoque
1165 3423 1286 3488 civibus
1320 3423 1423 3488 beati·

248 3527 391 3593 tudinem
407 3530 562 3612 praebere
578 3529 730 3608 iudicant,
755 3530 795 3594 cf.
812 3530 894 3597 Plat.
912 3530 981 3596 Pol.
998 3535 1095 3594 5620.
1125 3530 1202 3614 Lyc.
1219 3529 1332 3596 Leocr.
1350 3533 1425 3606 314,

247 3639 315 3717 τρία
339 3639 399 3718 γάρ
424 3638 543 3701 ἐστιτὰ
566 3640 704 3719 μέγιστα,
727 3640 747 3701 d
773 3638 969 3720 διαφυλάττει
992 3639 1046 3701 καὶ
1070 3639 1216 3721 διασῴζει
1238 3640 1293 3722 τὴν
1318 3640 1419 3722 δημο-

247 3745 377 3824 κρατίαν
405 3745 458 3808 καὶ
489 3745 545 3826 τὴν
577 3752 630 3828 τῆς
661 3745 786 3816 πόλεως
814 3746 1032 3826 εὐδαιμονίαν,
1064 3751 1193 3827 πρῶτον
1220 3747 1280 3828 μὲν
1307 3748 1326 3828 ἡ
1355 3752 1424 3810 τῶν

248 3851 359 3931 νόμων
382 3852 473 3924 τάξις.
512 3850 605 3916 Dem.
622 3850 639 3914 Ι
657 3855 707 3932 23,
731 3850 838 3914 XVII
855 3854 884 3929 8,
907 3849 1035 3914 XVIII
1052 3855 1129 3915 305:
1151 3853 1263 3923 πάντες
1277 3855 1317 3916 ἀν
1333 3855 1425 3924 ὄντες

248 3956 407 4037 ἐλεύθεροι
439 3958 492 4021 καί
524 3959 695 4040 αὐτόνομοι
731 3958 808 4040 μετὰ
840 3959 945 4041 πάσης
977 3959 1084 4029 ἀδείας
1116 3960 1269 4041 ἀσφαλῶς
1302 3961 1335 4024 ἓν
1367 3962 1424 4023 εὐ·

249 4063 396 4145 δαιμονίᾳ
418 4063 472 4134 τὰς
495 4066 617 4128 ἑαυτῶν
641 4067 750 4148 ᾤκουν
773 4066 933 4146 πατρίδας.
974 4063 1067 4128 XIX
1087 4069 1138 4146 69,
1161 4065 1261 4129 Isocr.
1277 4065 1329 4128 IV
1347 4070 1424 4148 117,Ι

247 4167 323 4231 ΧΠ
344 4173 415 4233 178.

338 4328 402 4382 101.
422 4327 506 4382 Thuc.
525 4327 556 4382 II
574 4330 617 4395 65,
635 4329 712 4399 91100
738 4326 865 4401 ἐγίγνετό
884 4349 914 4383 τε
933 4327 1005 4403 λόγῳ
1022 4331 1076 4403 μὲν
1096 4331 1279 4403 δημοκρατία,
1300 4331 1371 4405 ἔργῳ
1390 4331 1424 4386 δὲ,

248 4414 300 4470 ἀπὸ
321 4424 370 4472 τοῦ
387 4415 494 4491 πρώτου
513 4417 612 4491 ἀνδρὸς
631 4416 707 4491 ἀρχή.

336 4507 348 4538 ¹
368 4505 516 4576 [Ps.·Dem.
530 4506 582 4560 LX
594 4507 696 4578 aulae]
