3522 5436
820 571 1042 633 „44-

340 747 481 828 propriis
505 745 727 826 illustravisse,
756 745 886 809 minime
914 743 946 807 id
973 743 1147 824 studuisse,
1177 753 1212 808 ut
1240 753 1335 810 uotae
1359 747 1391 808 iu
1416 747 1517 809 vicem

341 851 443 915 altera
461 852 552 915 alteri
570 850 809 935 responderent.
835 848 1035 916 Sententiam
1047 851 1141 915 huius
1155 853 1255 935 partis
1269 854 1517 934 comparationis

343 959 376 1021 in
393 979 431 1022 eo
448 958 556 1023 rideo:
581 958 629 1023 sol
653 959 760 1022 omnia
785 959 945 1041 perspicit,
970 959 1067 1038 norit,
1092 956 1199 1040 probis
1211 955 1256 1043 (i)
1277 959 1435 1041 propitius
1456 972 1517 1036 est3

341 1065 489 1129 similiter
515 1065 663 1130 Athenas
693 1065 769 1128 nihii
800 1064 895 1146 fugit,
929 1086 991 1148 qua
1020 1067 1135 1130 notitia
1164 1074 1308 1147 utuntur,
1342 1075 1376 1128 ut
1399 1062 1516 1148 probos

342 1172 464 1254 iurent,
497 1174 661 1256 improbos
693 1173 837 1255 puniant.
894 1169 999 1255 Quem
1038 1172 1141 1237 locum
1176 1193 1248 1236 cum
1281 1174 1396 1236 ceteris
1431 1193 1516 1236 oom-

340 1281 519 1361 parationis
555 1277 699 1362 pertibus
735 1299 930 1360 componens
966 1287 1115 1343 cunctam
1150 1279 1233 1342 hano
1267 1281 1438 1361 imaginem
1471 1280 1516 1342 sic

342 1394 533 1468 transpono:
558 1383 605 1450 Ut
623 1384 840 1449 acimundum
858 1385 1100 1468 contemplatur,
1121 1383 1331 1466 administrat,
1351 1394 1515 1468 temperat,

342 1493 451 1555 omnia
476 1494 641 1574 perspicit,
670 1491 762 1555 bonis
792 1493 892 1574 cupit,
922 1494 1029 1556 omnia
1052 1490 1216 1556 advitam
1240 1494 1422 1556 necessaria
1444 1511 1515 1575 pro·

342 1607 444 1677 creat,
478 1619 542 1680 que
570 1598 609 1662 de
638 1619 736 1662 causa
764 1598 842 1663 nihil
872 1601 931 1662 nisi
965 1599 1032 1662 soie
1063 1597 1192 1663 fovente
1220 1597 1287 1662 fieri
1319 1608 1439 1681 potest,
1472 1601 1516 1662 ita

341 1705 439 1767 etiam
470 1705 619 1768 Athenae
647 1707 766 1769 iustum
795 1715 935 1787 servant,
969 1704 1087 1788 probos
1116 1707 1239 1788 iuvant,
1271 1704 1435 1788 improbos
1468 1725 1515 1768 re·

343 1812 495 1893 primunt,
532 1814 670 1894 propriis
706 1813 856 1895 periculis
891 1814 1088 1893 iacturisque
1121 1811 1267 1877 omnibus
1301 1809 1435 1878 Graecis
1468 1811 1515 1874 ia·

340 1918 495 1981 cultatem
533 1921 630 1981 vitam
670 1939 815 1983 securam
859 1918 975 2001 agendi
1014 1917 1170 2002 praebent
1208 1919 1282 2002 (hae
1321 1930 1417 1982 notae
1457 1919 1516 1982 soli

340 2044 406 2087 non
440 2023 691 2109 adscribuntur),
730 2047 793 2107 qua
827 2024 866 2088 de
907 2047 939 2089 re
979 2026 1023 2089 nil
1066 2027 1126 2089 nisi
1158 2025 1295 2089 Athenis
1334 2023 1515 2090 faventibus

342 2130 458 2195 durare
482 2141 596 2214 potest.

431 2238 507 2301 Hoc
530 2238 627 2302 modo
651 2241 791 2302 maxime
814 2250 905 2321 parte
922 2238 1124 2303 Athenarum
1147 2238 1252 2302 laudis
1276 2239 1383 2302 edicta
1407 2248 1516 2302 orator

337 2346 405 2407 iam
430 2345 471 2408 ad
497 2345 586 2408 ducis
611 2343 737 2409 laudem
763 2347 886 2422 transit,
910 2344 967 2410 sed
990 2345 1096 2408 denuo
1118 2344 1136 2430 ξ
1158 2349 1177 2408 6
1197 2347 1384 2410 reticentiae
1408 2346 1515 2428 specie

342 2451 482 2514 ostendit
506 2473 556 2516 res
581 2464 669 2515 actas
694 2451 798 2536 (κοινὰ
823 2455 900 2534 ἔργα
922 2460 977 2536 τῆς
999 2453 1137 2536 πόλεως)
1161 2453 1357 2535 praeclaras,
1385 2460 1516 2535 propter

339 2559 548 2640 exiguitatem
573 2570 680 2622 autem
704 2561 856 2641 temporis
881 2558 1075 2623 omittendas
1100 2579 1178 2626 esse.
1203 2558 1308 2623 -Ut
1330 2558 1421 2623 ducis
1445 2561 1513 2623 laus

342 2684 400 2746 per
424 2686 457 2729 se
481 2667 551 2747 ipsa
574 2664 727 2729 militibus
753 2666 906 2731 honorem
930 2664 1072 2749 praebet,
1095 2668 1141 2730 ita
1165 2669 1261 2730 etiam
1286 2667 1403 2729 civium
1421 2687 1513 2748 prae-

339 2771 503 2835 dieatione
527 2793 577 2835 res
602 2771 731 2855 publica
755 2771 944 2852 celebratur,
968 2793 1032 2855 quo
1055 2771 1100 2854 fit,
1124 2782 1159 2836 ut
1178 2775 1275 2836 etiam
1292 2774 1381 2854 origo
1399 2775 1512 2836 civium

338 2879 574 2962 (αὐτοχθονία),
607 2881 733 2962 sapiens
768 2878 939 2943 liberorum
974 2878 1122 2943 educatio
1150 2878 1353 2943 Athenarum
1386 2877 1513 2942 laudem

338 2997 466 3067 augeat.
512 2984 802 3050 Animadversione
831 2984 962 3068 dignum
991 2998 1051 3066 est,
1080 2986 1166 3069 quod
1191 2988 1317 3068 saepius
1342 2985 1381 3049 de
1405 3007 1513 3049 aurore

340 3094 464 3174 patriae
482 3113 558 3174 erga
573 3095 753 3156 universam
771 3089 943 3158 Graeciam
963 3104 1060 3175 atque
1077 3091 1117 3156 de
1134 3094 1294 3156 communi
1312 3092 1512 3156 Athenarum

338 3208 374 3261 et
398 3195 555 3263 Graeciae
581 3199 682 3262 salute
707 3201 820 3281 agitur,
845 3199 885 3263 ci.
902 3198 942 3284 ἕξ
960 3204 989 3280 5,
1006 3203 1035 3278 9,
1054 3201 1103 3265 10.

430 3303 571 3368 Maximo
590 3305 726 3368 Athenis
744 3317 793 3368 est
809 3306 932 3386 honori,
952 3305 1037 3388 quod
1055 3304 1253 3370 Leosthenes
1272 3308 1387 3369 civium
1405 3325 1512 3368 amore

340 3413 464 3494 patriae
490 3410 653 3474 confidens
679 3410 789 3475 urbem
813 3414 979 3475 universae
1005 3409 1162 3477 Graeciae
1187 3405 1371 3476 liberandae
1396 3411 1512 3476 dedere

339 3526 477 3600 poterat,
501 3516 519 3602 ξ
539 3523 593 3582 10:
618 3521 682 3601 ἥτις
695 3526 868 3601 προστῆναι
885 3517 1074 3604 [ὃν]νήσεται
1088 3526 1142 3601 τῆς
1157 3521 1334 3602 ἡγεμονίας,
1359 3517 1400 3582 ad
1417 3539 1512 3602 quam

340 3627 530 3687 sententiam
551 3627 569 3706 ξ
588 3629 628 3688 13
646 3633 755 3688 orator
778 3627 956 3705 revertitur,
981 3646 1051 3688 cum
1069 3623 1110 3688 de
1127 3628 1222 3690 sociis
1239 3625 1377 3689 affirmat
1392 3627 1512 3689 τούτων

338 3732 536 3814 Λεωσθένης
551 3732 690 3795 ἑκόντων
705 3733 761 3815 τὴν
777 3733 948 3814 ἠγεμονίαν
964 3733 1082 3815 ἔλαβεν.
1103 3729 1258 3796 Oratores
1273 3731 1376 3795 Attici
1394 3733 1512 3795 nullam

339 3839 544 3901 occasionem
570 3837 610 3901 ad
634 3858 700 3900 rem
725 3837 886 3920 publicam
910 3837 1134 3902 celebrandam
1156 3839 1338 3903 omittentes
1358 3859 1511 3920 persaepe
1533 3823 1538 3834 ’

338 3942 381 4007 de
397 3945 578 4026 principatu
595 3943 794 4007 Athenarum
813 3943 910 4008 rerba
929 3945 1060 4024 iaciunt,
1086 3944 1306 4009 demonstrant
1322 3946 1408 4008 iacta
1426 3944 1511 4008 urbis

340 4051 479 4113 maxima
504 4071 573 4114 esse
597 4060 629 4114 et
651 4060 819 4133 praeterea
844 4072 881 4115 eo
906 4062 1063 4134 tempore,
1092 4072 1163 4114 cum
1188 4073 1239 4115 res
1265 4051 1511 4115 Atheniensium

339 4158 477 4219 maxime
506 4155 700 4236 floruissent,
734 4178 859 4220 omnem
886 4154 1043 4222 Graeciae
1073 4166 1190 4221 statum
1220 4161 1373 4241 optimum
1404 4160 1510 4235 fuisse,

337 4283 458 4344 eosque
498 4263 610 4344 dignos
650 4285 732 4344 esse,
771 4267 825 4346 qui
864 4267 1076 4347 principatum
1117 4263 1290 4328 obtineant.
1347 4263 1396 4330 Of.
1429 4263 1510 4328 Piat.

340 4367 464 4434 Menex.
487 4374 588 4434 2440:
617 4372 811 4455 ἡγησάμενοι
838 4373 869 4435 οἱ
890 4372 1138 4453 Λακεδαιμόνιοι
1164 4372 1237 4443 τοὺς
1264 4374 1322 4454 μὲν
1350 4379 1404 4454 τῆς
1426 4373 1510 4436 ἕλευ·

339 4476 450 4558 θερίας
482 4478 670 4559 ἐπικούρους
702 4479 907 4549 πεπτωκότας
938 4480 1030 4561 ἡμᾶς.
1076 4477 1228 4562 Pe.·Lys.
1255 4478 1293 4542 Π
1319 4479 1433 4560 esstt,
1459 4485 1510 4561 47,
