3522 5436
694 553 915 613 ..11-

306 723 398 808 Quae
415 747 487 790 cnm
503 729 549 790 ita
566 728 637 809 sint,
662 736 814 810 quattuor
829 735 937 809 partes
953 725 1147 790 laudationis
1165 725 1392 790 discernendas

215 854 285 897 esse
309 833 426 899 indico.

308 979 334 1039 1.
351 973 545 1038 Laudatio
571 977 625 1038 rei
650 973 828 1058 publicae
853 977 891 1057 ἓξ
915 978 1012 1039 4-6.

308 1099 352 1164 Ut
375 1098 458 1162 hano
475 1098 660 1163 brevissime
681 1120 840 1181 exponere
864 1100 974 1181 possit,
998 1098 1181 1182 Hyperides
1198 1110 1262 1163 tres
1279 1120 1392 1163 causas

215 1205 324 1270 affert:

309 1313 340 1396 1)
365 1322 490 1396 tempus
525 1311 665 1376 affirmat
697 1311 739 1375 ad
773 1333 882 1375 omnes
916 1333 965 1375 res
1003 1311 1162 1394 prioribus
1196 1310 1393 1394 temporibus

260 1428 367 1500 gestas
391 1419 624 1483 enumerandas
649 1441 752 1501 neque
775 1418 927 1482 idoneum
952 1418 985 1504 2)
1003 1439 1105 1501 neque
1122 1418 1164 1482 ad
1180 1419 1280 1482 multa
1295 1418 1395 1483 verba

260 1526 412 1590 facienda
436 1536 651 1609 opportunum
676 1548 760 1605 esso;
786 1525 924 1608 denique
950 1530 983 1606 3)
1009 1547 1070 1590 non
1089 1525 1184 1589 facile
1201 1527 1255 1588 uni
1273 1525 1393 1589 homini

261 1654 331 1696 esse
356 1643 462 1698 tantas
486 1643 519 1698 et
542 1635 621 1697 tales
647 1655 695 1697 res
720 1654 878 1715 exponere
903 1643 935 1697 et
959 1653 1217 1697 commemorare.

308 1737 432 1822 Quibus
459 1743 563 1804 causis
593 1740 673 1804 haec
701 1739 888 1804 brevissima
912 1739 1115 1803 Athenarum
1143 1740 1226 1819 lans,
1255 1741 1393 1821 quaein

216 1848 333 1910 ceteris
367 1847 538 1929 epitaphiis
572 1849 711 1910 maxima
740 1857 796 1928 est,
825 1849 931 1928 specie
960 1847 1062 1909 solnm
1091 1845 1255 1928 probatur.
1306 1845 1395 1909 Vera

217 1974 315 2016 eausa
347 1964 432 2016 certe
463 1956 495 2016 in
528 1975 566 2018 eo
592 1963 648 2035 est,
677 1953 763 2035 quod
792 1952 967 2037 Hyperidis
999 1952 1082 2015 hanc
1113 1961 1237 2034 partem
1266 1941 1394 2015 uberius

216 2060 370 2142 explicari
403 2063 532 2124 minime
566 2063 732 2141 intererat,
765 2081 837 2123 cum
863 2058 903 2122 ad
936 2081 986 2123 res
1019 2058 1104 2123 bello
1137 2057 1252 2122 Lamio
1287 2068 1394 2142 gestas

217 2165 426 2230 celebrandas
451 2177 560 2230 vetera
584 2165 671 2230 faeta
696 2167 774 2230 nihil
797 2169 1002 2248 pertinerent.

306 2273 442 2354 Exinde,
468 2295 506 2336 ne
531 2276 601 2356 quis
631 2276 791 2336 existimet
820 2284 979 2336 oratorem
1003 2275 1049 2336 rei
1074 2271 1222 2354 publicae
1247 2275 1394 2336 meritam

216 2379 344 2443 laudem
372 2381 512 2443 tribuere
538 2382 635 2462 nolle,
664 2379 818 2443 affirmat:
844 2381 893 2444 ἐπὶ
916 2381 1091 2462 κεφαλαίου
1117 2380 1150 2443 ἀὲ
1179 2381 1239 2443 οὐκ
1265 2381 1394 2462 ὀκνήσω

217 2489 311 2550 εἰπεῖν
333 2489 404 2570 περὶ
433 2490 536 2570 αὐτῆς,
570 2495 602 2550 et
635 2489 779 2568 sequitur
808 2495 884 2549 nota
916 2486 971 2549 ilia
995 2485 1198 2549 Athenarum
1227 2507 1298 2549 cnm
1327 2487 1394 2549 sole

217 2597 430 2674 comparatio,
463 2615 526 2676 qua
556 2593 762 2676 praedicatur
793 2593 941 2656 Athenas
976 2595 1042 2656 sine
1076 2594 1140 2657 ullo
1174 2594 1255 2656 lucri
1288 2592 1394 2656 studio

217 2701 335 2762 iustum
365 2711 397 2763 et
424 2721 562 2783 aequum
589 2703 621 2763 in
649 2697 787 2766 Graecia
815 2721 941 2764 servare
971 2709 1003 2763 et
1031 2702 1095 2764 suis
1123 2701 1273 2782 periculis
1298 2711 1394 2782 atque

217 2809 369 2888 impensis
394 2809 561 2871 universae
586 2805 744 2872 Graeciae
769 2809 971 2870 securitatem
995 2806 1157 2889 praebere.

312 2953 339 3011 2.
364 2948 573 3012 Exordium
598 2947 723 3011 laudis
749 2950 911 3012 omnium
936 2947 1207 3013 defunctorum
1233 2946 1273 3032 ἐξ
1299 2952 1394 3013 6-9.

307 3072 437 3154 Orator,
466 3084 636 3156 postquam
667 3075 804 3136 civitatis
833 3072 960 3136 landem
986 3094 1045 3136 usu
1070 3075 1308 3155 praescriptam,
1344 3074 1394 3134 cni

217 3183 250 3242 in
279 3179 411 3242 Periclis
441 3181 526 3263 apud
557 3179 779 3263 Thucydidem
813 3180 977 3262 epitaphio
1001 3200 1215 3262 magnopere
1240 3180 1394 3244 orationis

218 3285 413 3366 conceditur,
437 3289 483 3350 ita
498 3286 685 3350 brevissime
707 3285 852 3368 absolvit,
877 3289 1016 3368 exponit,
1041 3285 1116 3369 quid
1135 3285 1194 3349 sibi
1216 3287 1345 3369 proprie
1360 3287 1394 3349 in

218 3392 280 3456 hoc
304 3393 467 3476 epitaphio
490 3392 742 3477 praedicandum
765 3395 982 3476 proposuerit:
1007 3393 1135 3457 laudem
1155 3392 1346 3458 Leosthenis
1364 3401 1395 3456 et

219 3508 396 3563 ceterorum
422 3500 654 3564 defunctorum.
700 3499 757 3563 Ad
789 3520 884 3582 quam
917 3499 1045 3563 laudem
1078 3499 1311 3582 transgreditur
1337 3519 1395 3582 per

218 3607 413 3669 mentionem
437 3606 607 3689 indigenae
632 3608 762 3689 originis
791 3615 888 3688 atque
913 3605 1113 3670 educationis
1138 3607 1394 3688 Atheniensium,

219 3733 302 3795 quae
327 3722 419 3795 aptos
444 3712 567 3777 faciant
591 3716 685 3795 cirea,
709 3723 745 3776 nt
769 3735 802 3776 se
827 3714 926 3777 fortes
951 3724 1116 3796 praestent
1139 3722 1171 3777 et
1186 3717 1310 3796 patriae
1327 3734 1393 3776 om-

219 3820 316 3901 nique
334 3817 491 3884 Graeciae
512 3821 683 3903 plurimum
707 3819 783 3884 boni
808 3820 991 3902 praebeant.
1031 3817 1123 3902 Quae
1147 3841 1231 3902 pars,
1255 3823 1330 3903 qnia
1354 3819 1394 3882 de

218 3928 312 3992 rebus
327 3926 473 3991 omnibus
488 3929 570 3991 notis
584 3929 658 4008 agit,
670 3929 907 4010 praeteritionis
919 3928 1023 3991 forma
1032 3925 1218 3991 brevissime
1229 3935 1394 3992 tractatur.

218 4034 349 4118 Duplici
374 4035 430 4097 ilie
456 4037 615 4097 sententie
640 4044 707 4097 tota
733 4033 876 4098 laudatio
901 4036 1060 4115 innititur,
1087 4054 1159 4096 nam
1187 4042 1296 4096 orator
1322 4055 1394 4116 per-

220 4163 315 4224 saepe
331 4143 467 4205 recurrit
492 4145 519 4205 l.
536 4140 577 4204 ad
595 4140 817 4204 defunctorum
835 4143 986 4204 virtutem
1005 4141 1140 4223 (ἀρετήν,
1158 4142 1223 4202 sire
1240 4141 1394 4222 ἀνδρείαν,

219 4251 284 4312 sive
318 4249 550 4330 ἀνδραγαθίαν)
585 4258 617 4311 et
651 4253 678 4315 2.
707 4247 749 4310 ad
781 4269 832 4310 res
866 4247 906 4311 ab
939 4249 977 4311 iis
1010 4269 1068 4329 pro
1098 4249 1258 4310 communi
1292 4246 1394 4310 salute

218 4367 324 4437 gestas
350 4357 409 4438 (ὡς
432 4356 559 4419 πολλῶν
582 4356 717 4437 ἀγαθῶν
741 4357 830 4419 αἴτιοι
854 4357 1028 4438 γεγένηνται
1051 4363 1089 4438 τῇ
1111 4355 1235 4435 πατρίδι
1258 4355 1394 4424 καὶτοῖς

218 4463 323 4532 ἄλλοις
340 4462 504 4545 Ἕλλησιν).
