3522 5436
833 549 1053 610 ..46-

448 721 596 806 Singulas
616 722 655 788 de
675 722 776 787 libers
794 743 828 786 re
848 720 979 805 publica
998 723 1172 787 sententias
1193 724 1289 786 etiem
1309 721 1364 786 elii
1384 731 1542 786 suctores

357 831 491 894 similem
515 832 547 893 iu
572 830 703 894 modum
727 828 908 913 proferunt:

396 972 422 1035 Ι.
446 974 485 1036 οὐ
514 974 574 1055 γὰρ
602 971 721 1054 ἀνδρὸς
749 972 891 1055 ἀπειλήν,
920 971 998 1036 ἀλλὰ
1027 971 1129 1054 νόμου
1158 972 1273 1054 φωνὴν
1301 971 1456 1052 κυριεύειν
1488 970 1547 1033 δεῖ

445 1085 510 1143 τῶν
534 1079 743 1161 εὐδαιμόνων.
788 1074 837 1143 of.
860 1076 942 1142 Plat.
965 1076 1089 1142 Menex.
1112 1081 1209 1142 occa.
1254 1075 1397 1160 Ps.·Lys.
1417 1075 1455 1140 II
1476 1080 1538 1140 25:

446 1187 500 1249 καὶ
526 1186 646 1268 μᾶλλον
673 1185 747 1255 τοὺς
778 1184 853 1268 παρ’
884 1187 989 1256 αὑτοῖς
1021 1184 1142 1268 νόμους
1173 1186 1396 1268 αἰσχυνόμενοι
1428 1187 1447 1267 ἢ
1479 1184 1540 1246 τόν

448 1293 530 1374 πρὸς
552 1291 624 1362 τοὺς
646 1293 816 1373 πολεμίους
841 1293 991 1358 κίνδυνον
1014 1291 1219 1374 φοβούμενοι.
1256 1290 1348 1356 Dem.
1365 1288 1458 1354 XXI
1475 1292 1536 1354 96:

447 1399 520 1470 τοὺς
549 1399 670 1479 νόμους
696 1398 817 1480 μᾶλλον
841 1399 938 1462 ἔδεισε
961 1404 1026 1462 τῶν
1049 1399 1196 1464 ἀπειλῶν.
1242 1395 1335 1462 XXI
1363 1401 1439 1478 188,
1462 1399 1538 1478 223,

447 1503 581 1569 XXIII
603 1509 657 1568 73:
687 1506 741 1568 καί
768 1504 841 1576 τοὺς
868 1506 989 1587 νόμους
1021 1506 1153 1587 κυρίους
1185 1506 1335 1568 ἁπάντων
1363 1505 1453 1576 εἶναι,
1481 1504 1538 1566 καὶ

447 1614 549 1676 πάντα
571 1610 655 1675 ταῦτ’
679 1614 741 1695 ἔχει
764 1612 880 1682 καλῶς.
919 1609 1025 1676 XXV
1044 1617 1093 1676 ll.

379 1737 425 1804 ΙΙ.
450 1735 519 1802 οὐδ’
553 1739 651 1800 αἰτίαν
684 1737 828 1819 φοβερὰν
865 1737 942 1800 εἶναι
978 1742 1041 1808 τοῖς
1074 1737 1264 1818 ἐλευθέροις,
1297 1733 1361 1799 ἀλλ’
1396 1736 1537 1818 ἔλεγχον.

450 1842 498 1908 Of.
521 1842 794 1922 Thu0.1137,3:
818 1843 855 1906 τὰ
880 1844 1018 1926 δημόσια
1042 1843 1092 1906 διὰ
1117 1843 1188 1914 δέος
1210 1843 1344 1924 μάλιστα
1367 1843 1405 1906 οό
1429 1865 1536 1922 παρα-

449 1957 613 2033 νομοῦμεν
636 1975 665 2013 κ.
681 1974 705 2012 τ.
721 1950 748 2012 λ.
786 1949 887 2015 Isocr.
903 1948 993 2012 XIV
1012 1954 1062 2014 39.

359 2075 426 2142 ΙΙΙ.
451 2073 556 2157 Saepe
580 2076 675 2137 etimn
706 2075 880 2138 sententias
905 2073 944 2137 de
969 2073 1088 2138 liberae
1113 2076 1159 2138 rei
1185 2072 1332 2157 publicae
1358 2071 1535 2136 commodis

450 2192 482 2245 et
506 2180 682 2265 tyrannidis
706 2181 919 2244 incommodis
947 2182 1139 2261 invenimus,
1169 2178 1284 2262 quibus
1309 2201 1436 2262 quoque
1462 2199 1535 2262 pro·

450 2288 552 2351 fertur
575 2289 682 2369 magni
704 2287 856 2370 ponderis
881 2308 964 2369 esse,
993 2286 1081 2370 quod
1109 2288 1195 2370 leges
1219 2286 1359 2368 valeant,
1389 2287 1429 2350 cf.
1453 2285 1535 2349 Plat.

450 2394 574 2459 Menex.
599 2398 695 2460 23sse.
743 2392 886 2478 Ps.-Lys.
910 2394 948 2458 ΙΙ
976 2393 1085 2480 18119.
1131 2393 1207 2459 Eur.
1233 2392 1343 2476 Suppl.
1367 2414 1395 2458 v.
1417 2397 1533 2474 429sq.

450 2501 544 2565 Dem.
567 2500 692 2564 XXIV
716 2505 770 2564 75:
805 2553 811 2566 .
838 2550 844 2562 .
871 2551 877 2563 .
909 2503 938 2564 τί
962 2499 1031 2565 ποτ’
1060 2502 1140 2565 ἐστὶν
1168 2500 1197 2583 ᾧ
1224 2502 1324 2583 νόμος
1356 2501 1535 2583 ὀλιγαρχίας

451 2610 601 2690 διαφέρει,
620 2609 673 2671 καί
692 2609 721 2671 τί
738 2606 856 2691 δήποθ’
874 2610 906 2671 oi
923 2609 982 2690 μὲν
997 2608 1061 2672 ὑπὸ
1077 2608 1189 2690 νόμων
1206 2609 1366 2678 ἐθέλοντες
1381 2609 1535 2689 ἄρχεσθαι

451 2717 619 2797 σώφρονες
642 2716 696 2778 καὶ
718 2716 847 2797 χρηστοὶ
869 2717 1058 2796 νομίζονται,
1082 2717 1113 2779 οί
1132 2713 1161 2778 δ’
1182 2714 1245 2778 ὑπὸ
1263 2721 1328 2778 τῶν
1347 2715 1535 2796 ὀλιγαρχιῶν

451 2823 603 2903 ἄνανδροι
618 2823 672 2885 καὶ
689 2822 803 2885 δοῦλοι.
836 2821 936 2884 Isocr.
947 2820 999 2884 IV
1015 2824 1087 2887 loo.
1120 2820 1238 2886 Aesch.
1256 2820 1324 2885 14:
1349 2822 1536 2885 διοικοῦνται

452 2928 480 2993 δ’
498 2930 531 2991 αἱ
552 2929 611 3010 μὲν
634 2929 815 3009 τυραννίδες
833 2929 886 2992 καὶ
905 2929 1079 3010 ὀλιγαρχίαι
1096 2935 1160 2999 τοῖς
1177 2929 1304 3010 τρόποις
1322 2934 1386 2991 τῶν
1405 2929 1534 3010 ἐφεστη-

451 3035 570 3107 κότων,
604 3036 638 3098 αλ
665 3035 700 3099 δὲ
726 3036 831 3106 πόλεις
858 3037 891 3098 αἱ
919 3036 1216 3118 δημοκρατούμεναι
1245 3042 1307 3106 τοῖς
1336 3037 1446 3116 νόμοις
1474 3040 1537 3104 τοῖς

451 3143 614 3223 κειμένοις.
644 3178 685 3186 -
707 3139 863 3205 Videmus
887 3143 971 3204 inter
994 3163 1028 3204 se
1053 3143 1218 3223 oppositas
1242 3161 1352 3204 voces:
1381 3142 1482 3223 νόμος
1505 3149 1537 3203 et

451 3249 568 3330 τρόπος
588 3250 653 3310 sive
675 3249 845 3331 ὀλιγαρχία.
888 3247 1008 3312 Eadem
1025 3249 1150 3312 ratione
1168 3247 1350 3330 Hyperides
1368 3250 1443 3330 epit.
1459 3250 1477 3329 ᾗ
1495 3250 1535 3310 20

453 3357 626 3417 maximum
659 3355 777 3418 malum
811 3363 933 3418 censet:
965 3356 1058 3438 νόμῳ
1087 3355 1121 3419 δὲ
1148 3362 1194 3438 τῷ
1220 3357 1332 3419 τούτου
1363 3355 1473 3437 τρόπῳ
1502 3355 1536 3426 ἐξ

356 3519 359 3523 .
453 3463 593 3544 ἀνάγκης
616 3463 756 3544 χρῆσθαι
778 3462 833 3544 τὴν
854 3461 996 3525 Ἑλλάδα,

455 3602 483 3666 Ε
507 3603 615 3666 multis
640 3603 744 3666 allatis
769 3603 921 3685 exemplis
950 3613 1039 3686 patet
1061 3603 1190 3668 laudem
1213 3605 1260 3667 rei
1283 3602 1430 3687 publicae
1455 3604 1536 3666 siout

365 3712 462 3772 ctiam
487 3711 617 3791 originis
640 3693 888 3772 Atheniensium
912 3709 1040 3774 laudem
1065 3713 1098 3774 in
1125 3709 1322 3774 orationibus
1348 3708 1535 3774 funebribus

365 3819 516 3880 usitatam
548 3815 661 3897 fuisse,
700 3836 773 3878 nam
810 3819 906 3880 etiem
939 3816 1102 3880 rhetorum
1135 3819 1315 3900 praeceptis
1348 3817 1535 3900 postulatur.

366 3923 544 3987 Praeterea·
557 3932 683 3986 constat
700 3922 923 4005 Athenienses,
943 3926 1114 4006 praecipue
1132 3935 1284 4006 oratores,
1302 3926 1376 4006 quia
1393 3921 1537 3988 sciebant

366 4032 450 4092 cives
468 4029 570 4094 laudis
587 4040 619 4093 et
634 4029 754 4113 gloriae
773 4030 1006 4113 cupidissimos,
1027 4031 1145 4094 nullom
1164 4032 1365 4094 occasionem
1382 4029 1423 4092 ad
1440 4029 1536 4092 talem

366 4134 492 4199 laudem
518 4135 744 4218 proferendam
768 4135 916 4200 idoneam
941 4139 1193 4219 praetermisisse
1218 4147 1258 4218 et,
1282 4139 1307 4200 si
1332 4137 1410 4200 nihil
1426 4155 1536 4199 recens

367 4241 592 4307 celebrandum
622 4242 796 4325 habebant,
830 4243 871 4306 ad
905 4252 977 4307 ecte
1006 4245 1162 4307 maiorum
1190 4246 1370 4309 recurrisse.
1421 4243 1536 4324 Itaque

367 4350 446 4414 haec
471 4351 624 4413 orationis
645 4372 719 4433 pars
740 4371 798 4413 usu
819 4352 1018 4433 praescripta
1034 4359 1116 4428 erat3
1139 4359 1245 4414 tamen
1265 4353 1359 4414 etium
1378 4348 1536 4414 nonnullis

364 4457 503 4538 propriis
520 4458 634 4537 causis,
651 4477 707 4520 cur
722 4477 792 4520 eam
806 4476 869 4519 non
882 4458 1079 4538 praeteriret,
1094 4455 1294 4540 Hyperidem
1306 4454 1536 4520 inflammatum
