<?xml version="1.0" encoding="UTF-8"?>
<!DOCTYPE html PUBLIC "-//W3C//DTD XHTML 1.0 Transitional//EN"
    "http://www.w3.org/TR/xhtml1/DTD/xhtml1-transitional.dtd">
<html xmlns="http://www.w3.org/1999/xhtml" xml:lang="en" lang="en">
 <head>
  <title>
</title>
<meta http-equiv="Content-Type" content="text/html;charset=utf-8" />
  <meta name='ocr-system' content='tesseract 3.04.00' />
  <meta name='ocr-capabilities' content='ocr_page ocr_carea ocr_par ocr_line ocrx_word'/>
</head>
<body>
  <div class='ocr_page' id='page_1' title='image "./dehyperidisorat00schlgoog_0028.png"; bbox 0 0 3522 5436; ppageno 0'>
   <div class='ocr_carea' id='block_1_1' title="bbox 717 570 939 630">
    <p class='ocr_par' dir='ltr' id='par_1_1' title="bbox 717 570 939 630">
     <span class='ocr_line' id='line_1_1' title="bbox 717 570 939 630; baseline 0.009 -18"><span class='ocrx_word' id='word_1_1' title='bbox 717 570 939 630; x_wconf 72' lang='lat'>..25-</span> 
     </span>
    </p>
   </div>
   <div class='ocr_carea' id='block_1_2' title="bbox 234 742 1419 2853">
    <p class='ocr_par' dir='ltr' id='par_1_2' title="bbox 234 742 1419 1361">
     <span class='ocr_line' id='line_1_2' title="bbox 234 742 1417 827; baseline 0 -21"><span class='ocrx_word' id='word_1_2' title='bbox 234 744 365 807; x_wconf 85' lang='grc' dir='ltr'><strong><em>ττολλῶν</em></strong></span> <span class='ocrx_word' id='word_1_3' title='bbox 388 743 500 826; x_wconf 82' lang='grc' dir='ltr'><strong><em>ἀρετὰς</em></strong></span> <span class='ocrx_word' id='word_1_4' title='bbox 522 744 763 809; x_wconf 71' lang='grc' dir='ltr'><strong><em>κινδυνεύεσθαι</em></strong></span> <span class='ocrx_word' id='word_1_5' title='bbox 781 742 817 808; x_wconf 82' lang='grc' dir='ltr'><strong><em>εὖ</em></strong></span> <span class='ocrx_word' id='word_1_6' title='bbox 835 768 867 808; x_wconf 93' lang='grc' dir='ltr'><strong><em>τε</em></strong></span> <span class='ocrx_word' id='word_1_7' title='bbox 881 745 935 808; x_wconf 83' lang='grc' dir='ltr'><strong><em>καλ</em></strong></span> <span class='ocrx_word' id='word_1_8' title='bbox 951 751 1056 826; x_wconf 86' lang='grc' dir='ltr'><strong><em>χεῖρον</em></strong></span> <span class='ocrx_word' id='word_1_9' title='bbox 1072 745 1187 808; x_wconf 78' lang='grc' dir='ltr'><strong><em>εἰπόντι</em></strong></span> <span class='ocrx_word' id='word_1_10' title='bbox 1206 745 1417 827; x_wconf 86' lang='grc' dir='ltr'><strong><em>πιστευθῆναι.</em></strong></span> 
     </span>
     <span class='ocr_line' id='line_1_3' title="bbox 234 849 1418 934; baseline 0 -20"><span class='ocrx_word' id='word_1_11' title='bbox 234 850 375 932; x_wconf 81' lang='grc' dir='ltr'><strong><em>χαλεπὸν</em></strong></span> <span class='ocrx_word' id='word_1_12' title='bbox 407 851 467 932; x_wconf 76' lang='grc' dir='ltr'><strong><em>γὰρ</em></strong></span> <span class='ocrx_word' id='word_1_13' title='bbox 498 851 533 914; x_wconf 86' lang='grc' dir='ltr'><strong><em>τὸ</em></strong></span> <span class='ocrx_word' id='word_1_14' title='bbox 560 853 696 934; x_wconf 78' lang='grc' dir='ltr'><strong><em>μετρίως</em></strong></span> <span class='ocrx_word' id='word_1_15' title='bbox 724 852 818 915; x_wconf 78' lang='grc' dir='ltr'><strong><em>εἰπεῖν</em></strong></span> <span class='ocrx_word' id='word_1_16' title='bbox 847 851 880 914; x_wconf 79' lang='grc' dir='ltr'><strong><em>έν</em></strong></span> <span class='ocrx_word' id='word_1_17' title='bbox 907 849 936 934; x_wconf 84' lang='grc' dir='ltr'><em>ᾧ</em></span> <span class='ocrx_word' id='word_1_18' title='bbox 964 851 1055 933; x_wconf 94' lang='grc' dir='ltr'><strong><em>μόλις</em></strong></span> <span class='ocrx_word' id='word_1_19' title='bbox 1082 852 1135 916; x_wconf 77' lang='grc' dir='ltr'><strong><em>καί</em></strong></span> <span class='ocrx_word' id='word_1_20' title='bbox 1164 852 1183 933; x_wconf 79' lang='grc' dir='ltr'><strong><em>η</em></strong></span> <span class='ocrx_word' id='word_1_21' title='bbox 1213 851 1342 933; x_wconf 81' lang='grc' dir='ltr'><strong><em>δόκησις</em></strong></span> <span class='ocrx_word' id='word_1_22' title='bbox 1364 859 1418 932; x_wconf 86' lang='grc' dir='ltr'><strong><em>τῆς</em></strong></span> 
     </span>
     <span class='ocr_line' id='line_1_4' title="bbox 236 957 1419 1040; baseline 0 -20"><span class='ocrx_word' id='word_1_23' title='bbox 236 957 390 1040; x_wconf 73' lang='grc' dir='ltr'><strong><em>ἀληθείας</em></strong></span> <span class='ocrx_word' id='word_1_24' title='bbox 417 959 606 1040; x_wconf 78' lang='grc' dir='ltr'><strong><em>βεβαιοῦται.</em></strong></span> <span class='ocrx_word' id='word_1_25' title='bbox 639 959 713 1022; x_wconf 85' lang='grc' dir='ltr'><strong><em>ὅτε</em></strong></span> <span class='ocrx_word' id='word_1_26' title='bbox 746 957 806 1039; x_wconf 87' lang='grc' dir='ltr'><strong><em>γὰρ</em></strong></span> <span class='ocrx_word' id='word_1_27' title='bbox 839 957 990 1031; x_wconf 77' lang='grc' dir='ltr'><strong><em>ξυνειδὼς</em></strong></span> <span class='ocrx_word' id='word_1_28' title='bbox 1021 959 1074 1022; x_wconf 86' lang='grc' dir='ltr'><strong><em>καὶ</em></strong></span> <span class='ocrx_word' id='word_1_29' title='bbox 1113 959 1224 1028; x_wconf 80' lang='grc' dir='ltr'><strong><em>εὔνους</em></strong></span> <span class='ocrx_word' id='word_1_30' title='bbox 1261 957 1419 1040; x_wconf 83' lang='grc' dir='ltr'><strong><em>ἀκροατὴς</em></strong></span> 
     </span>
     <span class='ocr_line' id='line_1_5' title="bbox 234 1061 1418 1146; baseline 0.002 -20"><span class='ocrx_word' id='word_1_31' title='bbox 234 1061 304 1146; x_wconf 89' lang='grc' dir='ltr'><strong><em>τάχ’</em></strong></span> <span class='ocrx_word' id='word_1_32' title='bbox 329 1065 368 1127; x_wconf 84' lang='grc' dir='ltr'><strong><em>ἄν</em></strong></span> <span class='ocrx_word' id='word_1_33' title='bbox 390 1089 417 1127; x_wconf 92' lang='grc' dir='ltr'><strong><em>τι</em></strong></span> <span class='ocrx_word' id='word_1_34' title='bbox 441 1065 646 1145; x_wconf 74' lang='grc' dir='ltr'><strong><em>ἐνδεεστέρως</em></strong></span> <span class='ocrx_word' id='word_1_35' title='bbox 668 1064 750 1145; x_wconf 88' lang='grc' dir='ltr'><strong><em>πρὸς</em></strong></span> <span class='ocrx_word' id='word_1_36' title='bbox 773 1067 793 1128; x_wconf 84' lang='lat' dir='ltr'><strong>d</strong></span> <span class='ocrx_word' id='word_1_37' title='bbox 816 1064 963 1146; x_wconf 81' lang='grc' dir='ltr'><strong><em>βούλεταί</em></strong></span> <span class='ocrx_word' id='word_1_38' title='bbox 982 1089 1014 1128; x_wconf 93' lang='grc' dir='ltr'><strong><em>τε</em></strong></span> <span class='ocrx_word' id='word_1_39' title='bbox 1037 1065 1091 1128; x_wconf 84' lang='grc' dir='ltr'><strong><em>καὶ</em></strong></span> <span class='ocrx_word' id='word_1_40' title='bbox 1114 1065 1268 1128; x_wconf 79' lang='grc' dir='ltr'><strong><em>ἐπίσταται</em></strong></span> <span class='ocrx_word' id='word_1_41' title='bbox 1284 1067 1418 1146; x_wconf 83' lang='grc' dir='ltr'><strong><em>νομίσειε</em></strong></span> 
     </span>
     <span class='ocr_line' id='line_1_6' title="bbox 237 1170 1417 1253; baseline 0 -19"><span class='ocrx_word' id='word_1_42' title='bbox 237 1170 428 1253; x_wconf 78' lang='grc' dir='ltr'><strong><em>δηλοῦσθαι,</em></strong></span> <span class='ocrx_word' id='word_1_43' title='bbox 452 1173 473 1236; x_wconf 91' lang='grc' dir='ltr'>ὅ</span> <span class='ocrx_word' id='word_1_44' title='bbox 495 1195 527 1234; x_wconf 93' lang='grc' dir='ltr'><strong><em>τε</em></strong></span> <span class='ocrx_word' id='word_1_45' title='bbox 551 1173 682 1252; x_wconf 87' lang='grc' dir='ltr'><strong><em>ἄπειρος</em></strong></span> <span class='ocrx_word' id='word_1_46' title='bbox 704 1173 785 1235; x_wconf 79' lang='grc' dir='ltr'><strong><em>ἔστιν</em></strong></span> <span class='ocrx_word' id='word_1_47' title='bbox 812 1174 832 1235; x_wconf 83' lang='lat' dir='ltr'><strong>d</strong></span> <span class='ocrx_word' id='word_1_48' title='bbox 859 1171 913 1234; x_wconf 88' lang='grc' dir='ltr'><strong><em>καί</em></strong></span> <span class='ocrx_word' id='word_1_49' title='bbox 935 1171 1178 1245; x_wconf 85' lang='grc' dir='ltr'><strong><em>πλεονάζεσθαι,</em></strong></span> <span class='ocrx_word' id='word_1_50' title='bbox 1208 1171 1258 1234; x_wconf 81' lang='grc' dir='ltr'><strong><em>διὰ</em></strong></span> <span class='ocrx_word' id='word_1_51' title='bbox 1282 1171 1417 1252; x_wconf 81' lang='grc' dir='ltr'><strong><em>φθόνον,</em></strong></span> 
     </span>
     <span class='ocr_line' id='line_1_7' title="bbox 236 1277 899 1361; baseline 0.002 -22"><span class='ocrx_word' id='word_1_52' title='bbox 236 1279 317 1340; x_wconf 83' lang='grc' dir='ltr'><strong><em>εἴτι·</em></strong></span> <span class='ocrx_word' id='word_1_53' title='bbox 336 1279 416 1360; x_wconf 77' lang='grc' dir='ltr'><strong><em>ὑπὲρ</em></strong></span> <span class='ocrx_word' id='word_1_54' title='bbox 438 1277 495 1361; x_wconf 86' lang='grc' dir='ltr'><strong><em>τὴν</em></strong></span> <span class='ocrx_word' id='word_1_55' title='bbox 518 1279 617 1342; x_wconf 82' lang='grc' dir='ltr'><strong><em>αὐτοῦ</em></strong></span> <span class='ocrx_word' id='word_1_56' title='bbox 639 1278 736 1360; x_wconf 81' lang='grc' dir='ltr'><strong><em>φύσιν</em></strong></span> <span class='ocrx_word' id='word_1_57' title='bbox 759 1279 871 1342; x_wconf 86' lang='grc' dir='ltr'><strong><em>ἀκούοι</em></strong></span> <span class='ocrx_word' id='word_1_58' title='bbox 879 1279 899 1340; x_wconf 85' lang='lat'><strong><em>¹.</em></strong></span> 
     </span>
    </p>

    <p class='ocr_par' dir='ltr' id='par_1_3' title="bbox 237 1380 1418 2853">
     <span class='ocr_line' id='line_1_8' title="bbox 329 1380 1416 1469; baseline -0.004 -21"><span class='ocrx_word' id='word_1_59' title='bbox 329 1380 485 1448; x_wconf 81' lang='lat' dir='ltr'><strong>Similiter</strong></span> <span class='ocrx_word' id='word_1_60' title='bbox 507 1386 577 1466; x_wconf 90' lang='lat' dir='ltr'><strong>ipse</strong></span> <span class='ocrx_word' id='word_1_61' title='bbox 593 1381 778 1466; x_wconf 82' lang='lat' dir='ltr'><strong>Hyperides</strong></span> <span class='ocrx_word' id='word_1_62' title='bbox 802 1383 821 1469; x_wconf 68' lang='grc' dir='ltr'><strong><em>ξ</em></strong></span> <span class='ocrx_word' id='word_1_63' title='bbox 839 1389 860 1448; x_wconf 86' lang='grc'>4</span> <span class='ocrx_word' id='word_1_64' title='bbox 884 1381 1023 1448; x_wconf 82' lang='lat' dir='ltr'><strong>affirmat</strong></span> <span class='ocrx_word' id='word_1_65' title='bbox 1044 1403 1147 1466; x_wconf 89' lang='lat' dir='ltr'><strong>neque</strong></span> <span class='ocrx_word' id='word_1_66' title='bbox 1167 1393 1292 1465; x_wconf 86' lang='lat' dir='ltr'><strong>tempus</strong></span> <span class='ocrx_word' id='word_1_67' title='bbox 1315 1403 1416 1464; x_wconf 89' lang='lat' dir='ltr'><strong>neque</strong></span> 
     </span>
     <span class='ocr_line' id='line_1_9' title="bbox 237 1488 1416 1572; baseline 0 -20"><span class='ocrx_word' id='word_1_68' title='bbox 237 1491 332 1552; x_wconf 81' lang='lat' dir='ltr'><strong>unius</strong></span> <span class='ocrx_word' id='word_1_69' title='bbox 350 1489 487 1554; x_wconf 90' lang='lat' dir='ltr'><strong>hominis</strong></span> <span class='ocrx_word' id='word_1_70' title='bbox 504 1492 587 1554; x_wconf 88' lang='lat' dir='ltr'><strong>vires</strong></span> <span class='ocrx_word' id='word_1_71' title='bbox 605 1489 646 1554; x_wconf 83' lang='lat' dir='ltr'><strong>ed</strong></span> <span class='ocrx_word' id='word_1_72' title='bbox 663 1499 787 1554; x_wconf 80' lang='lat' dir='ltr'><strong>tentam</strong></span> <span class='ocrx_word' id='word_1_73' title='bbox 801 1489 928 1554; x_wconf 87' lang='lat' dir='ltr'><strong>landem</strong></span> <span class='ocrx_word' id='word_1_74' title='bbox 942 1492 1097 1554; x_wconf 85' lang='lat' dir='ltr'><strong>maiorum</strong></span> <span class='ocrx_word' id='word_1_75' title='bbox 1111 1488 1336 1572; x_wconf 77' lang='lat' dir='ltr'><strong>proferendam</strong></span> <span class='ocrx_word' id='word_1_76' title='bbox 1352 1488 1416 1552; x_wconf 87' lang='lat' dir='ltr'><strong>suf-</strong></span> 
     </span>
     <span class='ocr_line' id='line_1_10' title="bbox 237 1594 1417 1680; baseline 0.001 -22"><span class='ocrx_word' id='word_1_77' title='bbox 237 1594 343 1677; x_wconf 89' lang='lat' dir='ltr'><strong>fioere,</strong></span> <span class='ocrx_word' id='word_1_78' title='bbox 354 1595 569 1678; x_wconf 80' lang='lat' dir='ltr'><strong>qualiaverbe</strong></span> <span class='ocrx_word' id='word_1_79' title='bbox 582 1598 679 1660; x_wconf 83' lang='lat' dir='ltr'><strong>etiam</strong></span> <span class='ocrx_word' id='word_1_80' title='bbox 692 1594 780 1680; x_wconf 85' lang='lat' dir='ltr'><strong>apud</strong></span> <span class='ocrx_word' id='word_1_81' title='bbox 791 1596 870 1661; x_wconf 83' lang='lat' dir='ltr'><strong>elios</strong></span> <span class='ocrx_word' id='word_1_82' title='bbox 883 1598 1054 1679; x_wconf 74' lang='lat' dir='ltr'><strong>scriptores</strong></span> <span class='ocrx_word' id='word_1_83' title='bbox 1066 1605 1098 1660; x_wconf 85' lang='lat' dir='ltr'><strong>et</strong></span> <span class='ocrx_word' id='word_1_84' title='bbox 1108 1605 1252 1661; x_wconf 82' lang='lat' dir='ltr'><strong>oratores</strong></span> <span class='ocrx_word' id='word_1_85' title='bbox 1262 1617 1417 1678; x_wconf 81' lang='lat' dir='ltr'><strong>persaepe</strong></span> 
     </span>
     <span class='ocr_line' id='line_1_11' title="bbox 237 1701 1417 1784; baseline 0.002 -20"><span class='ocrx_word' id='word_1_86' title='bbox 237 1703 452 1784; x_wconf 82' lang='lat' dir='ltr'><strong>inveniuntur,</strong></span> <span class='ocrx_word' id='word_1_87' title='bbox 476 1702 517 1768; x_wconf 87' lang='lat' dir='ltr'><strong><em>of.</em></strong></span> <span class='ocrx_word' id='word_1_88' title='bbox 534 1702 616 1768; x_wconf 84' lang='lat' dir='ltr'><strong>Plet.</strong></span> <span class='ocrx_word' id='word_1_89' title='bbox 633 1703 758 1767; x_wconf 87' lang='lat' dir='ltr'><strong>Menex.</strong></span> <span class='ocrx_word' id='word_1_90' title='bbox 777 1702 876 1784; x_wconf 83' lang='grc'><strong><em>2391),</em></strong></span> <span class='ocrx_word' id='word_1_91' title='bbox 895 1702 1029 1782; x_wconf 71' lang='lat' dir='ltr'><strong>240asb.</strong></span> <span class='ocrx_word' id='word_1_92' title='bbox 1063 1701 1185 1767; x_wconf 82' lang='lat' dir='ltr'><strong>Phned.</strong></span> <span class='ocrx_word' id='word_1_93' title='bbox 1204 1707 1266 1768; x_wconf 82' lang='lat'><strong><em>108</em></strong></span> <span class='ocrx_word' id='word_1_94' title='bbox 1274 1702 1303 1784; x_wconf 93' lang='lat' dir='ltr'><strong><em>d,</em></strong></span> <span class='ocrx_word' id='word_1_95' title='bbox 1324 1707 1417 1783; x_wconf 78' lang='lat'><strong>1140,</strong></span> 
     </span>
     <span class='ocr_line' id='line_1_12' title="bbox 239 1807 1418 1893; baseline 0.002 -21"><span class='ocrx_word' id='word_1_96' title='bbox 239 1807 319 1872; x_wconf 78' lang='lat' dir='ltr'><strong>Tim.</strong></span> <span class='ocrx_word' id='word_1_97' title='bbox 333 1808 410 1890; x_wconf 77' lang='lat' dir='ltr'><strong>lod,</strong></span> <span class='ocrx_word' id='word_1_98' title='bbox 430 1808 574 1893; x_wconf 85' lang='lat' dir='ltr'><strong>Ps.·Lys.</strong></span> <span class='ocrx_word' id='word_1_99' title='bbox 585 1809 624 1873; x_wconf 86' lang='lat' dir='ltr'><strong><em>II</em></strong></span> <span class='ocrx_word' id='word_1_100' title='bbox 638 1814 672 1873; x_wconf 88' lang='lat'><strong><em>1:</em></strong></span> <span class='ocrx_word' id='word_1_101' title='bbox 697 1810 802 1893; x_wconf 78' lang='grc' dir='ltr'><strong><em>ἐπειδὴ</em></strong></span> <span class='ocrx_word' id='word_1_102' title='bbox 824 1810 858 1875; x_wconf 84' lang='grc' dir='ltr'><strong><em>δὲ</em></strong></span> <span class='ocrx_word' id='word_1_103' title='bbox 876 1817 971 1876; x_wconf 87' lang='grc' dir='ltr'><strong><em>πᾶσιν</em></strong></span> <span class='ocrx_word' id='word_1_104' title='bbox 989 1810 1176 1891; x_wconf 81' lang='grc' dir='ltr'><strong><em>ἀνθρώποις</em></strong></span> <span class='ocrx_word' id='word_1_105' title='bbox 1191 1812 1210 1874; x_wconf 88' lang='grc' dir='ltr'>ὁ</span> <span class='ocrx_word' id='word_1_106' title='bbox 1225 1819 1287 1881; x_wconf 88' lang='grc' dir='ltr'><strong><em>πᾶς</em></strong></span> <span class='ocrx_word' id='word_1_107' title='bbox 1302 1811 1418 1893; x_wconf 86' lang='grc' dir='ltr'><strong><em>χρόνος</em></strong></span> 
     </span>
     <span class='ocr_line' id='line_1_13' title="bbox 238 1914 1415 1999; baseline -0.002 -20"><span class='ocrx_word' id='word_1_108' title='bbox 238 1917 299 1999; x_wconf 82' lang='grc' dir='ltr'><strong><em>οὐχ</em></strong></span> <span class='ocrx_word' id='word_1_109' title='bbox 320 1916 429 1987; x_wconf 82' lang='grc' dir='ltr'><strong><em>ἱκανός</em></strong></span> <span class='ocrx_word' id='word_1_110' title='bbox 450 1917 546 1999; x_wconf 91' lang='grc' dir='ltr'><strong><em>λόγον</em></strong></span> <span class='ocrx_word' id='word_1_111' title='bbox 569 1919 637 1981; x_wconf 84' lang='grc' dir='ltr'><strong><em>ἴσον</em></strong></span> <span class='ocrx_word' id='word_1_112' title='bbox 659 1917 899 1999; x_wconf 83' lang='grc' dir='ltr'><strong><em>παρασκευάσαι</em></strong></span> <span class='ocrx_word' id='word_1_113' title='bbox 917 1923 980 1987; x_wconf 93' lang='grc' dir='ltr'><strong><em>τοῖς</em></strong></span> <span class='ocrx_word' id='word_1_114' title='bbox 995 1917 1116 1981; x_wconf 86' lang='grc' dir='ltr'><strong><em>τούτων</em></strong></span> <span class='ocrx_word' id='word_1_115' title='bbox 1131 1918 1244 1999; x_wconf 80' lang='grc' dir='ltr'><strong><em>ἔργοις.</em></strong></span> <span class='ocrx_word' id='word_1_116' title='bbox 1267 1914 1344 1979; x_wconf 90' lang='lat' dir='ltr'><strong>ibid.</strong></span> <span class='ocrx_word' id='word_1_117' title='bbox 1360 1920 1415 1980; x_wconf 86' lang='lat'><strong><em>54:</em></strong></span> 
     </span>
     <span class='ocr_line' id='line_1_14' title="bbox 238 2023 1418 2106; baseline 0 -21"><span class='ocrx_word' id='word_1_118' title='bbox 238 2023 281 2093; x_wconf 92' lang='grc' dir='ltr'><strong><em>τίς</em></strong></span> <span class='ocrx_word' id='word_1_119' title='bbox 304 2023 365 2104; x_wconf 88' lang='grc' dir='ltr'><strong><em>γὰρ</em></strong></span> <span class='ocrx_word' id='word_1_120' title='bbox 389 2025 429 2087; x_wconf 82' lang='grc' dir='ltr'><strong><em>ἀν</em></strong></span> <span class='ocrx_word' id='word_1_121' title='bbox 452 2026 471 2106; x_wconf 83' lang='grc' dir='ltr'><em>ἢ</em></span> <span class='ocrx_word' id='word_1_122' title='bbox 495 2024 590 2105; x_wconf 82' lang='grc' dir='ltr'><strong><em>λόγος</em></strong></span> <span class='ocrx_word' id='word_1_123' title='bbox 612 2026 632 2106; x_wconf 81' lang='grc' dir='ltr'><em>ἢ</em></span> <span class='ocrx_word' id='word_1_124' title='bbox 655 2025 771 2106; x_wconf 86' lang='grc' dir='ltr'><strong><em>χρόνος</em></strong></span> <span class='ocrx_word' id='word_1_125' title='bbox 790 2026 809 2106; x_wconf 83' lang='grc' dir='ltr'><em>ἢ</em></span> <span class='ocrx_word' id='word_1_126' title='bbox 826 2025 934 2106; x_wconf 84' lang='grc' dir='ltr'><strong><em>ῥήτωρ</em></strong></span> <span class='ocrx_word' id='word_1_127' title='bbox 950 2024 1059 2094; x_wconf 87' lang='grc' dir='ltr'><strong><em>ίκανδς</em></strong></span> <span class='ocrx_word' id='word_1_128' title='bbox 1076 2025 1194 2105; x_wconf 88' lang='grc' dir='ltr'><strong><em>γένοιτο</em></strong></span> <span class='ocrx_word' id='word_1_129' title='bbox 1209 2029 1347 2106; x_wconf 82' lang='grc' dir='ltr'><strong><em>μηνῦσαι</em></strong></span> <span class='ocrx_word' id='word_1_130' title='bbox 1364 2024 1418 2105; x_wconf 78' lang='grc' dir='ltr'><strong><em>τὴν</em></strong></span> 
     </span>
     <span class='ocr_line' id='line_1_15' title="bbox 237 2127 1417 2214; baseline 0.001 -23"><span class='ocrx_word' id='word_1_131' title='bbox 237 2135 302 2194; x_wconf 90' lang='grc' dir='ltr'><strong><em>τῶν</em></strong></span> <span class='ocrx_word' id='word_1_132' title='bbox 330 2130 446 2194; x_wconf 74' lang='grc' dir='ltr'><strong><em>ἐνθάδε</em></strong></span> <span class='ocrx_word' id='word_1_133' title='bbox 473 2132 628 2213; x_wconf 84' lang='grc' dir='ltr'><strong><em>κειμένων</em></strong></span> <span class='ocrx_word' id='word_1_134' title='bbox 656 2131 785 2211; x_wconf 88' lang='grc' dir='ltr'><strong><em>ἀνδρῶν</em></strong></span> <span class='ocrx_word' id='word_1_135' title='bbox 813 2131 939 2214; x_wconf 87' lang='grc' dir='ltr'><strong><em>ἀρετήν;</em></strong></span> <span class='ocrx_word' id='word_1_136' title='bbox 969 2128 1044 2213; x_wconf 85' lang='lat' dir='ltr'><strong>Lys.</strong></span> <span class='ocrx_word' id='word_1_137' title='bbox 1060 2128 1135 2194; x_wconf 88' lang='lat' dir='ltr'><strong><em>XII</em></strong></span> <span class='ocrx_word' id='word_1_138' title='bbox 1160 2132 1210 2195; x_wconf 85' lang='lat'><strong><em>99.</em></strong></span> <span class='ocrx_word' id='word_1_139' title='bbox 1256 2127 1417 2211; x_wconf 84' lang='lat' dir='ltr'><strong>Porseepo</strong></span> 
     </span>
     <span class='ocr_line' id='line_1_16' title="bbox 238 2235 1416 2318; baseline 0.001 -20"><span class='ocrx_word' id='word_1_140' title='bbox 238 2236 297 2299; x_wconf 81' lang='lat' dir='ltr'><strong>teli</strong></span> <span class='ocrx_word' id='word_1_141' title='bbox 320 2237 537 2318; x_wconf 78' lang='lat' dir='ltr'><strong>superlatione</strong></span> <span class='ocrx_word' id='word_1_142' title='bbox 562 2238 663 2301; x_wconf 82' lang='lat' dir='ltr'><strong>utitur</strong></span> <span class='ocrx_word' id='word_1_143' title='bbox 686 2236 931 2317; x_wconf 81' lang='lat' dir='ltr'><strong>Demosthenes,</strong></span> <span class='ocrx_word' id='word_1_144' title='bbox 956 2235 996 2300; x_wconf 85' lang='lat' dir='ltr'><strong><em>of.</em></strong></span> <span class='ocrx_word' id='word_1_145' title='bbox 1012 2235 1101 2300; x_wconf 84' lang='lat' dir='ltr'>XIV</span> <span class='ocrx_word' id='word_1_146' title='bbox 1124 2241 1157 2300; x_wconf 90' lang='lat' dir='ltr'><strong><em>l:</em></strong></span> <span class='ocrx_word' id='word_1_147' title='bbox 1192 2238 1222 2300; x_wconf 88' lang='grc' dir='ltr'><strong><em>οί</em></strong></span> <span class='ocrx_word' id='word_1_148' title='bbox 1244 2238 1303 2316; x_wconf 75' lang='grc' dir='ltr'><strong><em>μὲν</em></strong></span> <span class='ocrx_word' id='word_1_149' title='bbox 1329 2237 1416 2299; x_wconf 80' lang='grc' dir='ltr'><strong><em>ἐπαι-</em></strong></span> 
     </span>
     <span class='ocr_line' id='line_1_17' title="bbox 239 2342 1417 2427; baseline -0.001 -21"><span class='ocrx_word' id='word_1_150' title='bbox 239 2351 374 2416; x_wconf 83' lang='grc' dir='ltr'><strong><em>νοῦντες,</em></strong></span> <span class='ocrx_word' id='word_1_151' title='bbox 398 2342 427 2407; x_wconf 89' lang='grc' dir='ltr'><strong><em>ῶ</em></strong></span> <span class='ocrx_word' id='word_1_152' title='bbox 451 2345 565 2426; x_wconf 84' lang='grc' dir='ltr'><strong><em>ἄνδρες</em></strong></span> <span class='ocrx_word' id='word_1_153' title='bbox 583 2344 756 2427; x_wconf 74' lang='grc' dir='ltr'><strong><em>Ἀθηναῖοι,</em></strong></span> <span class='ocrx_word' id='word_1_154' title='bbox 783 2345 857 2415; x_wconf 83' lang='grc' dir='ltr'><strong><em>τοὺς</em></strong></span> <span class='ocrx_word' id='word_1_155' title='bbox 879 2344 1059 2426; x_wconf 85' lang='grc' dir='ltr'><strong><em>προγόνους</em></strong></span> <span class='ocrx_word' id='word_1_156' title='bbox 1085 2345 1178 2425; x_wconf 79' lang='grc' dir='ltr'><strong><em>ὑμῶν</em></strong></span> <span class='ocrx_word' id='word_1_157' title='bbox 1205 2344 1300 2425; x_wconf 87' lang='grc' dir='ltr'><strong><em>λόγον</em></strong></span> <span class='ocrx_word' id='word_1_158' title='bbox 1323 2345 1417 2406; x_wconf 87' lang='grc' dir='ltr'><strong><em>εἰπεῖν</em></strong></span> 
     </span>
     <span class='ocr_line' id='line_1_18' title="bbox 237 2450 1417 2534; baseline -0.001 -20"><span class='ocrx_word' id='word_1_159' title='bbox 237 2475 293 2531; x_wconf 90' lang='grc' dir='ltr'><strong><em>μοι</em></strong></span> <span class='ocrx_word' id='word_1_160' title='bbox 326 2451 476 2514; x_wconf 87' lang='grc' dir='ltr'><strong><em>δοκοῦσιν</em></strong></span> <span class='ocrx_word' id='word_1_161' title='bbox 507 2451 728 2532; x_wconf 85' lang='grc' dir='ltr'><strong><em>προαιρεῖσθαι</em></strong></span> <span class='ocrx_word' id='word_1_162' title='bbox 760 2453 1000 2534; x_wconf 84' lang='grc' dir='ltr'><strong><em>κεχαρισμένον,</em></strong></span> <span class='ocrx_word' id='word_1_163' title='bbox 1038 2451 1076 2514; x_wconf 81' lang='grc' dir='ltr'><strong><em>οὐ</em></strong></span> <span class='ocrx_word' id='word_1_164' title='bbox 1112 2450 1177 2533; x_wconf 80' lang='grc' dir='ltr'><strong><em>μὴν</em></strong></span> <span class='ocrx_word' id='word_1_165' title='bbox 1215 2452 1417 2531; x_wconf 87' lang='grc' dir='ltr'><strong><em>συμφέροντα</em></strong></span> 
     </span>
     <span class='ocr_line' id='line_1_19' title="bbox 239 2556 1417 2640; baseline -0.001 -20"><span class='ocrx_word' id='word_1_166' title='bbox 239 2557 266 2638; x_wconf 89' lang='grc' dir='ltr'><strong><em>γ’</em></strong></span> <span class='ocrx_word' id='word_1_167' title='bbox 292 2559 421 2628; x_wconf 79' lang='grc' dir='ltr'><strong><em>ἐκείνοις</em></strong></span> <span class='ocrx_word' id='word_1_168' title='bbox 444 2560 501 2628; x_wconf 76' lang='grc' dir='ltr'><strong><em>οὓς</em></strong></span> <span class='ocrx_word' id='word_1_169' title='bbox 525 2557 759 2640; x_wconf 82' lang='grc' dir='ltr'><strong><em>ἐγκωμιάζουσι</em></strong></span> <span class='ocrx_word' id='word_1_170' title='bbox 783 2565 894 2622; x_wconf 88' lang='grc' dir='ltr'><strong><em>ποιεῖν·</em></strong></span> <span class='ocrx_word' id='word_1_171' title='bbox 919 2559 990 2640; x_wconf 91' lang='grc' dir='ltr'><strong><em>περὶ</em></strong></span> <span class='ocrx_word' id='word_1_172' title='bbox 1018 2557 1077 2640; x_wconf 83' lang='grc' dir='ltr'><strong><em>γὰρ</em></strong></span> <span class='ocrx_word' id='word_1_173' title='bbox 1100 2556 1297 2640; x_wconf 88' lang='grc' dir='ltr'><strong><em>πραγμάτων</em></strong></span> <span class='ocrx_word' id='word_1_174' title='bbox 1319 2557 1417 2638; x_wconf 78' lang='grc' dir='ltr'><strong><em>ἐγχει-</em></strong></span> 
     </span>
     <span class='ocr_line' id='line_1_20' title="bbox 239 2662 1417 2747; baseline -0.003 -20"><span class='ocrx_word' id='word_1_175' title='bbox 239 2671 366 2745; x_wconf 86' lang='grc' dir='ltr'><strong><em>ροῦντες</em></strong></span> <span class='ocrx_word' id='word_1_176' title='bbox 397 2664 495 2746; x_wconf 87' lang='grc' dir='ltr'><strong><em>λέγειν</em></strong></span> <span class='ocrx_word' id='word_1_177' title='bbox 527 2662 575 2728; x_wconf 89' lang='grc' dir='ltr'><strong><em>ῶν</em></strong></span> <span class='ocrx_word' id='word_1_178' title='bbox 607 2663 676 2728; x_wconf 83' lang='grc' dir='ltr'><strong><em>οὐδ’</em></strong></span> <span class='ocrx_word' id='word_1_179' title='bbox 704 2665 746 2736; x_wconf 90' lang='grc' dir='ltr'><strong><em>είς</em></strong></span> <span class='ocrx_word' id='word_1_180' title='bbox 779 2665 876 2738; x_wconf 84' lang='grc' dir='ltr'><strong><em>ἀξίως</em></strong></span> <span class='ocrx_word' id='word_1_181' title='bbox 908 2666 1075 2747; x_wconf 76' lang='grc' dir='ltr'><strong><em>ἐφικέσθαι</em></strong></span> <span class='ocrx_word' id='word_1_182' title='bbox 1101 2670 1147 2746; x_wconf 88' lang='grc' dir='ltr'><strong><em>τῷ</em></strong></span> <span class='ocrx_word' id='word_1_183' title='bbox 1174 2664 1262 2745; x_wconf 90' lang='grc' dir='ltr'><strong><em>λόγῳ</em></strong></span> <span class='ocrx_word' id='word_1_184' title='bbox 1282 2664 1417 2734; x_wconf 88' lang='grc' dir='ltr'><strong><em>δόναιτσ,</em></strong></span> 
     </span>
     <span class='ocr_line' id='line_1_21' title="bbox 240 2768 1415 2853; baseline 0.001 -22"><span class='ocrx_word' id='word_1_185' title='bbox 240 2770 326 2834; x_wconf 82' lang='grc' dir='ltr'><strong><em>αὐτοὶ</em></strong></span> <span class='ocrx_word' id='word_1_186' title='bbox 350 2771 409 2852; x_wconf 78' lang='grc' dir='ltr'><strong><em>μὲν</em></strong></span> <span class='ocrx_word' id='word_1_187' title='bbox 436 2779 492 2834; x_wconf 82' lang='grc' dir='ltr'><strong><em>τοῦ</em></strong></span> <span class='ocrx_word' id='word_1_188' title='bbox 521 2772 626 2835; x_wconf 89' lang='grc' dir='ltr'><strong><em>δοκεῖν</em></strong></span> <span class='ocrx_word' id='word_1_189' title='bbox 655 2772 811 2835; x_wconf 86' lang='grc' dir='ltr'><strong><em>δύνασθαι</em></strong></span> <span class='ocrx_word' id='word_1_190' title='bbox 839 2772 937 2853; x_wconf 88' lang='grc' dir='ltr'><strong><em>λέγειν</em></strong></span> <span class='ocrx_word' id='word_1_191' title='bbox 965 2772 1063 2844; x_wconf 91' lang='grc' dir='ltr'><strong><em>δόξαν</em></strong></span> <span class='ocrx_word' id='word_1_192' title='bbox 1087 2772 1281 2852; x_wconf 80' lang='grc' dir='ltr'><strong><em>ἐκφέρονται,</em></strong></span> <span class='ocrx_word' id='word_1_193' title='bbox 1309 2770 1363 2852; x_wconf 84' lang='grc' dir='ltr'><strong><em>τὴν</em></strong></span> <span class='ocrx_word' id='word_1_194' title='bbox 1388 2768 1415 2832; x_wconf 89' lang='grc' dir='ltr'><strong><em>δ’</em></strong></span> 
     </span>
    </p>
   </div>
   <div class='ocr_carea' id='block_1_3' title="bbox 238 2876 1418 3494">
    <p class='ocr_par' dir='ltr' id='par_1_4' title="bbox 238 2876 1418 3494">
     <span class='ocr_line' id='line_1_22' title="bbox 240 2876 1418 2962; baseline -0.002 -22"><span class='ocrx_word' id='word_1_195' title='bbox 240 2878 368 2941; x_wconf 79' lang='grc' dir='ltr'><strong><em>ἐκείνων</em></strong></span> <span class='ocrx_word' id='word_1_196' title='bbox 398 2876 510 2960; x_wconf 79' lang='grc' dir='ltr'><strong><em>ἀρετὴν</em></strong></span> <span class='ocrx_word' id='word_1_197' title='bbox 542 2877 657 2941; x_wconf 80' lang='grc' dir='ltr'><strong><em>ἐλάττω</em></strong></span> <span class='ocrx_word' id='word_1_198' title='bbox 684 2885 739 2960; x_wconf 79' lang='grc' dir='ltr'><strong><em>τῆς</em></strong></span> <span class='ocrx_word' id='word_1_199' title='bbox 766 2879 998 2962; x_wconf 80' lang='grc' dir='ltr'><strong><em>ὑπειλημμένης</em></strong></span> <span class='ocrx_word' id='word_1_200' title='bbox 1029 2878 1117 2960; x_wconf 86' lang='grc' dir='ltr'><strong><em>παρὰ</em></strong></span> <span class='ocrx_word' id='word_1_201' title='bbox 1144 2877 1216 2948; x_wconf 81' lang='grc' dir='ltr'><strong><em>τοὺς</em></strong></span> <span class='ocrx_word' id='word_1_202' title='bbox 1244 2877 1418 2946; x_wconf 84' lang='grc' dir='ltr'><strong><em>ἀκούοντας</em></strong></span> 
     </span>
     <span class='ocr_line' id='line_1_23' title="bbox 239 2981 1415 3065; baseline -0.001 -19"><span class='ocrx_word' id='word_1_203' title='bbox 239 2985 407 3065; x_wconf 88' lang='grc' dir='ltr'><strong><em>φαίνεσθαι</em></strong></span> <span class='ocrx_word' id='word_1_204' title='bbox 435 2991 587 3048; x_wconf 85' lang='grc' dir='ltr'><strong><em>ποιοῦσιν.</em></strong></span> <span class='ocrx_word' id='word_1_205' title='bbox 634 2983 728 3047; x_wconf 87' lang='lat' dir='ltr'><strong>Dem.</strong></span> <span class='ocrx_word' id='word_1_206' title='bbox 744 2982 817 3047; x_wconf 91' lang='lat' dir='ltr'><strong><em>XX</em></strong></span> <span class='ocrx_word' id='word_1_207' title='bbox 841 2988 890 3064; x_wconf 88' lang='grc'><strong><em>76,</em></strong></span> <span class='ocrx_word' id='word_1_208' title='bbox 915 2983 1007 3048; x_wconf 90' lang='lat' dir='ltr'><strong><em>XXI</em></strong></span> <span class='ocrx_word' id='word_1_209' title='bbox 1030 2988 1101 3063; x_wconf 80' lang='grc'><strong><em>126,</em></strong></span> <span class='ocrx_word' id='word_1_210' title='bbox 1128 2987 1198 3050; x_wconf 90' lang='grc'><strong><em>131.</em></strong></span> <span class='ocrx_word' id='word_1_211' title='bbox 1245 2982 1346 3046; x_wconf 71' lang='lat' dir='ltr'><strong><em>Isoor.⁴</em></strong></span> <span class='ocrx_word' id='word_1_212' title='bbox 1362 2981 1415 3046; x_wconf 83' lang='lat' dir='ltr'>IX</span> 
     </span>
     <span class='ocr_line' id='line_1_24' title="bbox 241 3088 1416 3173; baseline 0.001 -22"><span class='ocrx_word' id='word_1_213' title='bbox 241 3092 291 3169; x_wconf 90' lang='grc'><strong><em>34,</em></strong></span> <span class='ocrx_word' id='word_1_214' title='bbox 307 3093 359 3171; x_wconf 86' lang='grc'><strong><em>48,</em></strong></span> <span class='ocrx_word' id='word_1_215' title='bbox 375 3088 450 3153; x_wconf 91' lang='lat' dir='ltr'><strong><em>XII</em></strong></span> <span class='ocrx_word' id='word_1_216' title='bbox 468 3092 524 3154; x_wconf 89' lang='lat'><strong><em>36:</em></strong></span> <span class='ocrx_word' id='word_1_217' title='bbox 550 3092 610 3154; x_wconf 80' lang='grc' dir='ltr'><strong><em>οὐκ</em></strong></span> <span class='ocrx_word' id='word_1_218' title='bbox 634 3092 742 3172; x_wconf 85' lang='grc' dir='ltr'><strong><em>ἀγνοῶ</em></strong></span> <span class='ocrx_word' id='word_1_219' title='bbox 766 3088 794 3154; x_wconf 91' lang='grc' dir='ltr'><strong><em>δ’</em></strong></span> <span class='ocrx_word' id='word_1_220' title='bbox 812 3091 917 3173; x_wconf 79' lang='grc' dir='ltr'><strong><em>ἡλίκος</em></strong></span> <span class='ocrx_word' id='word_1_221' title='bbox 936 3093 984 3154; x_wconf 86' lang='grc' dir='ltr'><strong><em>ῶν</em></strong></span> <span class='ocrx_word' id='word_1_222' title='bbox 999 3093 1077 3155; x_wconf 87' lang='grc' dir='ltr'><strong><em>ὅσον</em></strong></span> <span class='ocrx_word' id='word_1_223' title='bbox 1092 3093 1186 3173; x_wconf 84' lang='grc' dir='ltr'><strong><em>ἔργον</em></strong></span> <span class='ocrx_word' id='word_1_224' title='bbox 1202 3092 1359 3171; x_wconf 84' lang='grc' dir='ltr'><strong><em>ένίαταμαι</em></strong></span> <span class='ocrx_word' id='word_1_225' title='bbox 1383 3089 1416 3153; x_wconf 90' lang='grc' dir='ltr'><strong><em>τὸ</em></strong></span> 
     </span>
     <span class='ocr_line' id='line_1_25' title="bbox 238 3196 1417 3281; baseline -0.001 -21"><span class='ocrx_word' id='word_1_226' title='bbox 238 3198 383 3278; x_wconf 83' lang='grc' dir='ltr'><strong><em>μέγεθος,</em></strong></span> <span class='ocrx_word' id='word_1_227' title='bbox 400 3196 467 3261; x_wconf 79' lang='grc' dir='ltr'><strong><em>ἀλλ’</em></strong></span> <span class='ocrx_word' id='word_1_228' title='bbox 481 3199 624 3280; x_wconf 82' lang='grc' dir='ltr'><strong><em>ἀκριβῶς</em></strong></span> <span class='ocrx_word' id='word_1_229' title='bbox 639 3197 734 3268; x_wconf 84' lang='grc' dir='ltr'><strong><em>εἰδὼς</em></strong></span> <span class='ocrx_word' id='word_1_230' title='bbox 748 3197 802 3261; x_wconf 85' lang='grc' dir='ltr'><strong><em>καί</em></strong></span> <span class='ocrx_word' id='word_1_231' title='bbox 816 3197 967 3268; x_wconf 88' lang='grc' dir='ltr'><strong><em>πολλάκις</em></strong></span> <span class='ocrx_word' id='word_1_232' title='bbox 980 3197 1125 3281; x_wconf 88' lang='grc' dir='ltr'><strong><em>είρηκῶς,</em></strong></span> <span class='ocrx_word' id='word_1_233' title='bbox 1142 3199 1188 3262; x_wconf 86' lang='grc' dir='ltr'><strong><em>ὅτι</em></strong></span> <span class='ocrx_word' id='word_1_234' title='bbox 1200 3197 1306 3279; x_wconf 80' lang='grc' dir='ltr'><strong><em>τὰμὲν</em></strong></span> <span class='ocrx_word' id='word_1_235' title='bbox 1317 3196 1417 3279; x_wconf 81' lang='grc' dir='ltr'><strong><em>μικρὰ</em></strong></span> 
     </span>
     <span class='ocr_line' id='line_1_26' title="bbox 238 3303 1417 3388; baseline 0.002 -22"><span class='ocrx_word' id='word_1_236' title='bbox 238 3308 302 3367; x_wconf 91' lang='grc' dir='ltr'><strong><em>τῶν</em></strong></span> <span class='ocrx_word' id='word_1_237' title='bbox 313 3304 511 3386; x_wconf 90' lang='grc' dir='ltr'><strong><em>πραγμάτων</em></strong></span> <span class='ocrx_word' id='word_1_238' title='bbox 523 3304 636 3386; x_wconf 78' lang='grc' dir='ltr'><strong><em>ῥᾴδιον</em></strong></span> <span class='ocrx_word' id='word_1_239' title='bbox 647 3310 710 3374; x_wconf 90' lang='grc' dir='ltr'><strong><em>τοῖς</em></strong></span> <span class='ocrx_word' id='word_1_240' title='bbox 721 3303 827 3386; x_wconf 93' lang='grc' dir='ltr'><strong><em>λόγοις</em></strong></span> <span class='ocrx_word' id='word_1_241' title='bbox 839 3305 981 3387; x_wconf 80' lang='grc' dir='ltr'><strong><em>αὐξῆσαι,</em></strong></span> <span class='ocrx_word' id='word_1_242' title='bbox 997 3311 1061 3375; x_wconf 89' lang='grc' dir='ltr'><strong><em>τοῖς</em></strong></span> <span class='ocrx_word' id='word_1_243' title='bbox 1073 3303 1100 3368; x_wconf 89' lang='grc' dir='ltr'><strong><em>δ’</em></strong></span> <span class='ocrx_word' id='word_1_244' title='bbox 1112 3305 1342 3388; x_wconf 78' lang='grc' dir='ltr'><strong><em>ὑπερβάλλουσι</em></strong></span> <span class='ocrx_word' id='word_1_245' title='bbox 1353 3309 1417 3368; x_wconf 90' lang='grc' dir='ltr'><strong><em>τῶν</em></strong></span> 
     </span>
     <span class='ocr_line' id='line_1_27' title="bbox 240 3410 1416 3494; baseline 0 -21"><span class='ocrx_word' id='word_1_246' title='bbox 240 3411 344 3491; x_wconf 83' lang='grc' dir='ltr'><strong><em>ἔργων</em></strong></span> <span class='ocrx_word' id='word_1_247' title='bbox 366 3410 420 3474; x_wconf 82' lang='grc' dir='ltr'><strong><em>καὶ</em></strong></span> <span class='ocrx_word' id='word_1_248' title='bbox 443 3416 489 3493; x_wconf 84' lang='grc' dir='ltr'><strong><em>τῷ</em></strong></span> <span class='ocrx_word' id='word_1_249' title='bbox 511 3412 637 3494; x_wconf 86' lang='grc' dir='ltr'><strong><em>μεγέθει</em></strong></span> <span class='ocrx_word' id='word_1_250' title='bbox 661 3412 783 3493; x_wconf 82' lang='grc' dir='ltr'><strong><em>καὶτῷ</em></strong></span> <span class='ocrx_word' id='word_1_251' title='bbox 806 3410 911 3474; x_wconf 88' lang='grc' dir='ltr'><strong><em>κάλλει</em></strong></span> <span class='ocrx_word' id='word_1_252' title='bbox 927 3411 1064 3493; x_wconf 86' lang='grc' dir='ltr'><strong><em>χαλεπὸν</em></strong></span> <span class='ocrx_word' id='word_1_253' title='bbox 1080 3412 1226 3484; x_wconf 78' lang='grc' dir='ltr'><strong><em>ἐξισῶσαι</em></strong></span> <span class='ocrx_word' id='word_1_254' title='bbox 1242 3411 1315 3482; x_wconf 80' lang='grc' dir='ltr'><strong><em>τοὺς</em></strong></span> <span class='ocrx_word' id='word_1_255' title='bbox 1330 3412 1416 3474; x_wconf 82' lang='grc' dir='ltr'><strong><em>ἐπαί-</em></strong></span> 
     </span>
    </p>
   </div>
   <div class='ocr_carea' id='block_1_4' title="bbox 238 3516 1416 3705">
    <p class='ocr_par' dir='ltr' id='par_1_5' title="bbox 238 3516 1416 3705">
     <span class='ocr_line' id='line_1_28' title="bbox 238 3516 1416 3600; baseline 0.002 -21"><span class='ocrx_word' id='word_1_256' title='bbox 238 3539 329 3587; x_wconf 89' lang='grc' dir='ltr'><strong><em>νους.</em></strong></span> <span class='ocrx_word' id='word_1_257' title='bbox 350 3516 416 3580; x_wconf 86' lang='grc' dir='ltr'><strong><em>ἀλλ’</em></strong></span> <span class='ocrx_word' id='word_1_258' title='bbox 433 3518 526 3600; x_wconf 90' lang='grc' dir='ltr'><strong><em>ὅμως</em></strong></span> <span class='ocrx_word' id='word_1_259' title='bbox 545 3517 639 3582; x_wconf 78' lang='grc' dir='ltr'><strong><em>οὐδέν</em></strong></span> <span class='ocrx_word' id='word_1_260' title='bbox 659 3518 780 3599; x_wconf 87' lang='grc' dir='ltr'><strong><em>μᾶλλον</em></strong></span> <span class='ocrx_word' id='word_1_261' title='bbox 799 3519 990 3582; x_wconf 82' lang='grc' dir='ltr'><strong><em>ἀποστατέον</em></strong></span> <span class='ocrx_word' id='word_1_262' title='bbox 1010 3520 1116 3582; x_wconf 72' lang='grc' dir='ltr'><strong><em>αὐτῶν</em></strong></span> <span class='ocrx_word' id='word_1_263' title='bbox 1136 3519 1216 3582; x_wconf 81' lang='grc' dir='ltr'><strong><em>ἐστὶν</em></strong></span> <span class='ocrx_word' id='word_1_264' title='bbox 1236 3519 1301 3581; x_wconf 85' lang='grc' dir='ltr'><strong><em>ἀλλ’</em></strong></span> <span class='ocrx_word' id='word_1_265' title='bbox 1320 3520 1416 3582; x_wconf 82' lang='grc' dir='ltr'><strong><em>ε’πιτε-</em></strong></span> 
     </span>
     <span class='ocr_line' id='line_1_29' title="bbox 238 3621 1416 3705; baseline 0 -19"><span class='ocrx_word' id='word_1_266' title='bbox 238 3622 368 3689; x_wconf 83' lang='grc' dir='ltr'><strong><em>λεστέον.</em></strong></span> <span class='ocrx_word' id='word_1_267' title='bbox 406 3621 483 3688; x_wconf 88' lang='lat' dir='ltr'><strong><em>XII</em></strong></span> <span class='ocrx_word' id='word_1_268' title='bbox 500 3627 572 3705; x_wconf 83' lang='lat'><strong>137,</strong></span> <span class='ocrx_word' id='word_1_269' title='bbox 595 3622 685 3687; x_wconf 90' lang='lat' dir='ltr'><strong><em>XIV</em></strong></span> <span class='ocrx_word' id='word_1_270' title='bbox 701 3627 731 3705; x_wconf 79' lang='lat'><strong><em>4,</em></strong></span> <span class='ocrx_word' id='word_1_271' title='bbox 755 3622 875 3687; x_wconf 83' lang='lat' dir='ltr'><strong>Aosnh.</strong></span> <span class='ocrx_word' id='word_1_272' title='bbox 891 3623 910 3686; x_wconf 91' lang='lat' dir='ltr'>I</span> <span class='ocrx_word' id='word_1_273' title='bbox 928 3627 1000 3705; x_wconf 88' lang='grc'><strong><em>140,</em></strong></span> <span class='ocrx_word' id='word_1_274' title='bbox 1016 3623 1074 3688; x_wconf 88' lang='grc' dir='ltr'><strong><em>ΙΙΙ</em></strong></span> <span class='ocrx_word' id='word_1_275' title='bbox 1092 3628 1165 3704; x_wconf 80' lang='grc'><strong><em>260,</em></strong></span> <span class='ocrx_word' id='word_1_276' title='bbox 1190 3624 1274 3690; x_wconf 78' lang='lat' dir='ltr'><strong>Isse.</strong></span> <span class='ocrx_word' id='word_1_277' title='bbox 1291 3623 1348 3688; x_wconf 89' lang='lat' dir='ltr'><strong><em>HI</em></strong></span> <span class='ocrx_word' id='word_1_278' title='bbox 1366 3627 1416 3688; x_wconf 92' lang='lat' dir='ltr'><strong><em>ll.</em></strong></span> 
     </span>
    </p>
   </div>
   <div class='ocr_carea' id='block_1_5' title="bbox 239 3715 1443 4028">
    <p class='ocr_par' dir='ltr' id='par_1_6' title="bbox 239 3715 1443 4028">
     <span class='ocr_line' id='line_1_30' title="bbox 328 3715 1443 3816; baseline 0.002 -24"><span class='ocrx_word' id='word_1_279' title='bbox 328 3727 453 3812; x_wconf 78' lang='lat' dir='ltr'><strong>Quibus</strong></span> <span class='ocrx_word' id='word_1_280' title='bbox 470 3729 740 3812; x_wconf 76' lang='lat' dir='ltr'><strong>superlationibus</strong></span> <span class='ocrx_word' id='word_1_281' title='bbox 757 3732 941 3812; x_wconf 88' lang='lat' dir='ltr'><strong>praemissis</strong></span> <span class='ocrx_word' id='word_1_282' title='bbox 962 3741 1071 3794; x_wconf 81' lang='lat' dir='ltr'><strong>orator</strong></span> <span class='ocrx_word' id='word_1_283' title='bbox 1095 3729 1113 3816; x_wconf 68' lang='grc' dir='ltr'><strong><em>ξ</em></strong></span> <span class='ocrx_word' id='word_1_284' title='bbox 1131 3735 1150 3795; x_wconf 86' lang='lat'><strong>3</strong></span> <span class='ocrx_word' id='word_1_285' title='bbox 1175 3733 1239 3794; x_wconf 84' lang='lat' dir='ltr'><strong>iem</strong></span> <span class='ocrx_word' id='word_1_286' title='bbox 1256 3731 1415 3814; x_wconf 80' lang='lat' dir='ltr'><strong>adipsum</strong></span> <span class='ocrx_word' id='word_1_287' title='bbox 1440 3715 1443 3721; x_wconf 13' lang='grc' dir='ltr'><strong>Α</strong></span> 
     </span>
     <span class='ocr_line' id='line_1_31' title="bbox 239 3834 1416 3920; baseline 0.002 -22"><span class='ocrx_word' id='word_1_288' title='bbox 239 3834 464 3900; x_wconf 84' lang='lat' dir='ltr'><strong>defunetorum</strong></span> <span class='ocrx_word' id='word_1_289' title='bbox 488 3838 637 3900; x_wconf 85' lang='lat' dir='ltr'><strong>virtutem</strong></span> <span class='ocrx_word' id='word_1_290' title='bbox 671 3836 923 3919; x_wconf 72' lang='lat' dir='ltr'><strong>praedicandam</strong></span> <span class='ocrx_word' id='word_1_291' title='bbox 951 3837 1085 3919; x_wconf 80' lang='lat' dir='ltr'><strong>aceedit,</strong></span> <span class='ocrx_word' id='word_1_292' title='bbox 1121 3839 1176 3920; x_wconf 93' lang='lat' dir='ltr'><strong><em>qui</em></strong></span> <span class='ocrx_word' id='word_1_293' title='bbox 1204 3837 1299 3901; x_wconf 84' lang='lat' dir='ltr'><strong>laude</strong></span> <span class='ocrx_word' id='word_1_294' title='bbox 1329 3837 1416 3919; x_wconf 81' lang='lat' dir='ltr'><strong>digni</strong></span> 
     </span>
     <span class='ocr_line' id='line_1_32' title="bbox 239 3944 1417 4028; baseline 0.001 -22"><span class='ocrx_word' id='word_1_295' title='bbox 239 3944 303 4006; x_wconf 80' lang='lat' dir='ltr'><strong>sint</strong></span> <span class='ocrx_word' id='word_1_296' title='bbox 325 3951 379 4027; x_wconf 86' lang='grc' dir='ltr'><strong><em>τῆς</em></strong></span> <span class='ocrx_word' id='word_1_297' title='bbox 402 3944 547 4026; x_wconf 87' lang='grc' dir='ltr'><strong><em>ἀνδρείας</em></strong></span> <span class='ocrx_word' id='word_1_298' title='bbox 569 3952 624 4028; x_wconf 86' lang='grc' dir='ltr'><strong><em>τῆς</em></strong></span> <span class='ocrx_word' id='word_1_299' title='bbox 648 3946 681 4009; x_wconf 82' lang='grc' dir='ltr'><strong><em>έν</em></strong></span> <span class='ocrx_word' id='word_1_300' title='bbox 703 3951 749 4027; x_wconf 85' lang='grc' dir='ltr'><strong><em>τῷ</em></strong></span> <span class='ocrx_word' id='word_1_301' title='bbox 772 3946 914 4027; x_wconf 85' lang='grc' dir='ltr'><strong><em>πολέμῳ,</em></strong></span> <span class='ocrx_word' id='word_1_302' title='bbox 937 3945 972 4008; x_wconf 90' lang='grc' dir='ltr'><strong><em>τὸ</em></strong></span> <span class='ocrx_word' id='word_1_303' title='bbox 995 3945 1040 4027; x_wconf 79' lang='grc' dir='ltr'><strong><em>μὴ</em></strong></span> <span class='ocrx_word' id='word_1_304' title='bbox 1065 3952 1258 4027; x_wconf 83' lang='grc' dir='ltr'><strong><em>κατασχῠναι</em></strong></span> <span class='ocrx_word' id='word_1_305' title='bbox 1281 3945 1335 4015; x_wconf 85' lang='grc' dir='ltr'><strong><em>τὰς</em></strong></span> <span class='ocrx_word' id='word_1_306' title='bbox 1353 3950 1417 4008; x_wconf 91' lang='grc' dir='ltr'><strong><em>τῶν</em></strong></span> 
     </span>
    </p>
   </div>
   <div class='ocr_carea' id='block_1_6' title="bbox 237 4057 1416 4474">
    <p class='ocr_par' dir='ltr' id='par_1_7' title="bbox 242 4057 454 4078">
     <span class='ocr_line' id='line_1_33' title="bbox 242 4057 454 4078; baseline -0.009 1"><span class='ocrx_word' id='word_1_307' title='bbox 242 4057 454 4078; x_wconf 67' lang='lat' dir='ltr'><strong>--—d-—--—</strong></span> 
     </span>
    </p>

    <p class='ocr_par' dir='ltr' id='par_1_8' title="bbox 237 4134 1416 4474">
     <span class='ocr_line' id='line_1_34' title="bbox 329 4134 1416 4212; baseline 0.003 -23"><span class='ocrx_word' id='word_1_308' title='bbox 329 4136 338 4170; x_wconf 88' lang='lat'>¹</span> <span class='ocrx_word' id='word_1_309' title='bbox 358 4134 506 4206; x_wconf 72' lang='lat' dir='ltr'><strong>[Pu-Dm.</strong></span> <span class='ocrx_word' id='word_1_310' title='bbox 519 4136 571 4189; x_wconf 81' lang='lat' dir='ltr'><strong><em>Lx</em></strong></span> <span class='ocrx_word' id='word_1_311' title='bbox 583 4137 610 4190; x_wconf 88' lang='lat' dir='ltr'><strong><em>l:</em></strong></span> <span class='ocrx_word' id='word_1_312' title='bbox 629 4136 764 4193; x_wconf 82' lang='grc' dir='ltr'><strong><em>ἐσκόπουν</em></strong></span> <span class='ocrx_word' id='word_1_313' title='bbox 780 4137 834 4212; x_wconf 80' lang='grc' dir='ltr'><strong><em>μὲν</em></strong></span> <span class='ocrx_word' id='word_1_314' title='bbox 853 4135 940 4198; x_wconf 70' lang='grc' dir='ltr'><strong><em>εὐθὺς</em></strong></span> <span class='ocrx_word' id='word_1_315' title='bbox 956 4134 1028 4200; x_wconf 84' lang='grc' dir='ltr'><strong><em>ὅπως</em></strong></span> <span class='ocrx_word' id='word_1_316' title='bbox 1042 4145 1091 4192; x_wconf 79' lang='grc' dir='ltr'><strong><em>τοῦ</em></strong></span> <span class='ocrx_word' id='word_1_317' title='bbox 1102 4134 1289 4210; x_wconf 81' lang='grc' dir='ltr'><strong><em>προσήκοντος</em></strong></span> <span class='ocrx_word' id='word_1_318' title='bbox 1302 4137 1416 4192; x_wconf 85' lang='grc' dir='ltr'><strong><em>ἐπαίνου</em></strong></span> 
     </span>
     <span class='ocr_line' id='line_1_35' title="bbox 239 4222 1416 4298; baseline -0.001 -19"><span class='ocrx_word' id='word_1_319' title='bbox 239 4222 389 4290; x_wconf 78' lang='grc' dir='ltr'><strong><em>τεύξονται,</em></strong></span> <span class='ocrx_word' id='word_1_320' title='bbox 414 4224 544 4291; x_wconf 81' lang='grc' dir='ltr'><strong><em>ἐξετάζων</em></strong></span> <span class='ocrx_word' id='word_1_321' title='bbox 563 4226 592 4281; x_wconf 82' lang='grc' dir='ltr'><strong><em>δὲ</em></strong></span> <span class='ocrx_word' id='word_1_322' title='bbox 614 4229 661 4280; x_wconf 82' lang='grc' dir='ltr'><strong><em>καὶ</em></strong></span> <span class='ocrx_word' id='word_1_323' title='bbox 680 4233 789 4281; x_wconf 85' lang='grc' dir='ltr'><strong><em>σκοπῶν</em></strong></span> <span class='ocrx_word' id='word_1_324' title='bbox 808 4227 889 4286; x_wconf 80' lang='grc' dir='ltr'><strong><em>α’ξίως</em></strong></span> <span class='ocrx_word' id='word_1_325' title='bbox 909 4227 997 4281; x_wconf 83' lang='grc' dir='ltr'><strong><em>εἰπεῖν</em></strong></span> <span class='ocrx_word' id='word_1_326' title='bbox 1017 4234 1069 4282; x_wconf 85' lang='grc' dir='ltr'><strong><em>τῶν</em></strong></span> <span class='ocrx_word' id='word_1_327' title='bbox 1089 4225 1321 4298; x_wconf 84' lang='grc' dir='ltr'><strong><em>τετελευτηκότων</em></strong></span> <span class='ocrx_word' id='word_1_328' title='bbox 1341 4226 1371 4279; x_wconf 82' lang='grc' dir='ltr'><strong><em>έν</em></strong></span> <span class='ocrx_word' id='word_1_329' title='bbox 1392 4245 1416 4279; x_wconf 93' lang='grc' dir='ltr'><strong><em>τι</em></strong></span> 
     </span>
     <span class='ocr_line' id='line_1_36' title="bbox 239 4311 1416 4390; baseline 0.001 -23"><span class='ocrx_word' id='word_1_330' title='bbox 239 4321 291 4369; x_wconf 88' lang='grc' dir='ltr'><strong><em>τῶν</em></strong></span> <span class='ocrx_word' id='word_1_331' title='bbox 309 4315 450 4369; x_wconf 77' lang='grc' dir='ltr'><strong><em>ἀδυνάτων</em></strong></span> <span class='ocrx_word' id='word_1_332' title='bbox 470 4311 597 4387; x_wconf 77' lang='grc' dir='ltr'><strong><em>εὕρισκον</em></strong></span> <span class='ocrx_word' id='word_1_333' title='bbox 616 4315 648 4369; x_wconf 84' lang='grc' dir='ltr'><strong><em>δν</em></strong></span> <span class='ocrx_word' id='word_1_334' title='bbox 666 4357 672 4369; x_wconf 90' lang='grc'><strong>.</strong></span> <span class='ocrx_word' id='word_1_335' title='bbox 687 4357 714 4369; x_wconf 90' lang='grc'><strong><em>..</em></strong></span> <span class='ocrx_word' id='word_1_336' title='bbox 734 4315 934 4388; x_wconf 76' lang='grc' dir='ltr'><strong><em>ἀνυπέρβλητον</em></strong></span> <span class='ocrx_word' id='word_1_337' title='bbox 953 4319 1035 4370; x_wconf 82' lang='grc' dir='ltr'><strong><em>παντὶ</em></strong></span> <span class='ocrx_word' id='word_1_338' title='bbox 1052 4314 1125 4390; x_wconf 83' lang='grc' dir='ltr'><strong><em>λόγῳ</em></strong></span> <span class='ocrx_word' id='word_1_339' title='bbox 1142 4313 1191 4386; x_wconf 82' lang='grc' dir='ltr'><strong><em>τὴν</em></strong></span> <span class='ocrx_word' id='word_1_340' title='bbox 1209 4314 1298 4370; x_wconf 80' lang='grc' dir='ltr'><strong><em>αότῶν</em></strong></span> <span class='ocrx_word' id='word_1_341' title='bbox 1315 4311 1416 4385; x_wconf 80' lang='grc' dir='ltr'><strong><em>ἀρετὴν</em></strong></span> 
     </span>
     <span class='ocr_line' id='line_1_37' title="bbox 237 4403 486 4474; baseline 0.008 -18"><span class='ocrx_word' id='word_1_342' title='bbox 237 4403 486 4474; x_wconf 66' lang='grc' dir='ltr'><strong><em>καταλελοίπασιν]</em></strong></span> 
     </span>
    </p>
   </div>
   <div class='ocr_carea' id='block_1_7' title="bbox 326 4490 618 4563">
    <p class='ocr_par' dir='ltr' id='par_1_9' title="bbox 326 4490 618 4563">
     <span class='ocr_line' id='line_1_38' title="bbox 326 4490 618 4563; baseline -0.003 -18"><span class='ocrx_word' id='word_1_343' title='bbox 326 4493 337 4525; x_wconf 76' lang='lat'>²</span> <span class='ocrx_word' id='word_1_344' title='bbox 357 4490 506 4562; x_wconf 73' lang='lat' dir='ltr'><strong>[Pu-Dens.</strong></span> <span class='ocrx_word' id='word_1_345' title='bbox 521 4491 573 4546; x_wconf 83' lang='lat' dir='ltr'>LX</span> <span class='ocrx_word' id='word_1_346' title='bbox 582 4492 618 4563; x_wconf 87' lang='grc'><strong><em>6.]</em></strong></span> 
     </span>
    </p>
   </div>
   <div class='ocr_carea' id='block_1_8' title="bbox 0 0 1772 5436">
    <p class='ocr_par' dir='ltr' id='par_1_10' title="bbox 0 0 1772 5436">
     <span class='ocr_line' id='line_1_39' title="bbox 0 0 1772 5436; baseline 0 0"><span class='ocrx_word' id='word_1_347' title='bbox 0 0 1772 5436; x_wconf 95' lang='lat' dir='ltr'><strong><em> </em></strong></span> 
     </span>
    </p>
   </div>
  </div>
 </body>
</html>
