3522 5436
696 577 916 637 ..17-

219 749 373 830 duxisset,
390 748 477 831 quod
493 750 618 814 lucrum
629 747 763 816 Graecis
782 771 798 812 9
815 769 972 831 prospero
989 770 1138 814 successu
1155 751 1400 834 percipiendum

218 864 310 920 esset.
358 852 483 938 Quibus
512 855 552 920 de
581 859 699 938 causis,
729 855 815 939 quod
844 855 978 920 Β1111ι
1005 859 1038 920 in
1064 855 1104 942 ἓξ
1131 862 1171 941 32
1197 866 1229 922 et
1253 862 1296 922 34
1320 861 1398 922 satis

217 962 368 1027 idoneam
404 962 661 1026 adhortationem
695 984 764 1027 esse
792 972 899 1045 putat,
929 965 958 1026 ei
988 965 1135 1028 assentiri
1164 985 1228 1028 non
1256 985 1396 1047 possum,

217 1073 316 1134 immo
340 1069 424 1133 hanc
448 1072 628 1150 orationem
652 1072 802 1133 usitatam
828 1078 860 1133 et
883 1068 978 1134 rebus
1002 1073 1100 1151 gestis
1125 1073 1244 1153 optime
1269 1091 1396 1135 accom-

218 1175 413 1240 modandam
438 1177 628 1258 ampliorem
651 1176 911 1240 adhortationem
935 1179 1131 1241 continuisse
1155 1198 1280 1242 censeo.

560 1371 600 1438 r.
625 1322 827 1452 consolatu
852 1370 891 1457 §a
916 1375 1057 1438 41-43.

307 1512 348 1576 In
371 1523 463 1596 parte
480 1533 500 1576 a
518 1510 659 1578 Stubaco
677 1523 802 1576 servata
819 1515 997 1576 invenimus
1014 1514 1266 1577 consolationem
1287 1536 1399 1596 super-

219 1621 338 1684 stitum.
380 1619 541 1701 Incipitur
564 1630 672 1682 autem
696 1618 736 1682 ab
761 1640 800 1682 ea
822 1640 866 1701 re,
890 1618 977 1701 qnod
1002 1640 1065 1683 nun
1082 1620 1178 1684 facile
1195 1641 1264 1685 esse
1281 1620 1399 1684 dicitur

218 1725 300 1790 adeo
324 1729 414 1808 gravi
437 1728 526 1791 luctu
550 1725 682 1790 affectos
700 1726 868 1806 consolari,
882 1747 960 1794 nam
978 1747 1156 1791 maerorem
1173 1749 1276 1809 neque
1292 1727 1399 1792 verbis

218 1855 322 1915 neque
345 1832 468 1916 legibus
494 1834 572 1914 sisti,
596 1854 668 1896 cum
692 1832 805 1896 modus
829 1834 930 1896 luctui
954 1843 1072 1896 natura
1088 1835 1241 1916 cuiusque
1258 1834 1397 1898 hominis

218 1950 251 2003 et
269 1943 390 2022 pietate
407 1960 482 2021 erga
499 1939 687 2003 defunctum
704 1937 798 2002 datus
816 1941 865 2002 sit.
898 1938 1019 2002 Tamen
1039 1950 1149 2003 orator
1165 1939 1400 2022 transgreditur

220 2045 262 2109 ad
285 2046 473 2110 refutandae
490 2047 644 2109 maeroris
661 2067 775 2109 causas
792 2044 1009 2129 affirmatque:
1037 2051 1063 2111 l.
1081 2049 1266 2130 superstites
1284 2047 1399 2112 decere

218 2173 281 2216 nou
312 2155 414 2217 solum
450 2156 561 2216 mortis
591 2173 719 2216 suumm
754 2150 810 2216 sed
839 2154 935 2215 etiam
965 2163 1115 2217 aeternae
1143 2175 1252 2218 eorum
1275 2155 1398 2235 gloriae

217 2281 375 2324 memores
392 2280 471 2339 esse,
490 2265 517 2324 2.
532 2280 635 2341 neque
653 2261 735 2322 enim
753 2260 959 2322 miseratione
977 2259 1032 2323 sed
1050 2281 1173 2323 summa
1193 2259 1287 2324 laude
1300 2260 1398 2342 digna

218 2367 450 2445 commisisse²;
482 2371 511 2428 3.
535 2368 660 2430 etiamsi
685 2368 857 2429 senectutis
882 2366 1065 2429 mortalium
1090 2376 1236 2449 expertes
1259 2377 1395 2431 mortem

219 2471 369 2554 obierint,
398 2482 506 2536 tamen
531 2493 692 2554 uunquam
720 2481 938 2536 senescentem
962 2473 1083 2536 famam
1107 2473 1241 2556 adeptos
1266 2476 1398 2537 omuino

217 2578 330 2643 beatos
359 2600 442 2657 esse;
476 2583 506 2642 4.
540 2581 594 2661 qui
628 2581 695 2642 sine
718 2578 833 2661 liberis
865 2582 982 2643 mortui
1015 2581 1085 2660 sint,
1116 2601 1170 2644 eos
1194 2580 1313 2643 famam
1337 2581 1399 2642 im-

217 2687 384 2750 mortalem
408 2707 467 2768 pro
488 2686 596 2749 liberis
614 2695 764 2749 nacturos
782 2707 866 2765 esse3
892 2690 921 2751 5.
938 2684 1114 2750 infantibus
1133 2694 1310 2750 ceterorum
1327 2708 1397 2750 rem

217 2791 379 2875 publicam
404 2813 473 2856 esse
498 2793 725 2858 consulturam.
765 2797 794 2856 6.
819 2792 968 2875 Denique
993 2792 1172 2856 affirmatur
1188 2804 1322 2856 mortem
1340 2814 1399 2856 ne-

218 2920 377 2982 quaquam
403 2899 524 2982 aliquid
549 2900 625 2962 mali
649 2921 727 2972 esse,
752 2920 822 2962 cum
849 2899 932 2962 duae
955 2899 1126 2962 facultates
1152 2908 1290 2962 exstent:
1321 2920 1395 2962 nam

218 3007 251 3090 a)
269 3007 295 3069 si
312 3015 473 3070 mortuum
489 3027 559 3069 esse
575 3027 635 3088 par
651 3009 693 3070 sit
711 3018 808 3089 atque
825 3027 987 3088 uunquam
1006 3015 1113 3069 natum
1132 3027 1210 3087 esse,
1226 3004 1395 3070 defunctos

219 3111 350 3194 morbis,
374 3133 528 3195 maerore,
553 3115 667 3176 ceteris
691 3112 849 3176 humanae
874 3114 958 3175 ritae
982 3110 1254 3176 vicissitudinibus
1270 3117 1395 3176 vacare‘

219 3218 253 3303 b)
279 3221 326 3282 sin
356 3229 464 3282 autem
491 3220 546 3282 illa
575 3221 700 3282 veriora
724 3221 794 3299 sint,
819 3229 854 3282 ut
877 3219 963 3302 apud
986 3219 1106 3282 inferos
1132 3239 1241 3282 seusus
1266 3231 1398 3282 maneat

218 3328 345 3408 sintque
374 3328 495 3389 numini
520 3325 627 3389 divino
651 3328 769 3389 mortui
794 3347 898 3406 curae,
923 3324 1116 3388 censendum
1142 3346 1210 3388 esse
1234 3326 1315 3407 illos,
1339 3329 1394 3408 qui

219 3432 259 3496 de
284 3433 416 3496 deorum
439 3430 615 3496 honoribus
639 3433 821 3513 meruerint,
844 3433 1002 3495 maximae
1026 3429 1159 3494 deorum
1184 3452 1279 3495 curae
1296 3435 1395 3515 parti-

220 3541 307 3621 cipes
332 3539 458 3603 luturos
483 3561 561 3603 esse.

309 3697 446 3763 1Β1111,
465 3697 592 3750 Attische
611 3697 818 3750 Beredeamlreit
836 3681 897 3772 111}
916 3714 942 3764 p.
963 3696 1005 3750 911.

308 3786 318 3818 ¹
338 3785 444 3853 Lectio,
457 3804 540 3854 quam
553 3786 632 3839 Blase
645 3787 757 3854 recepit,
770 3805 786 3838 a
798 3785 936 3853 Leopardi
952 3786 1002 3840 tth.
1016 3785 1052 3838 lll.
1068 3785 1137 3839 1835
1150 3802 1176 3853 p.
1192 3786 1224 3837 11
1238 3787 1394 3854 proposita:

220 3876 245 3930 εἰ
263 3873 315 3947 γὰρ
335 3873 448 3948 θρήνων
461 3874 523 3933 ἄξια
537 3916 543 3928 .
558 3915 585 3927 ..
605 3875 679 3928 haud
697 3876 840 3943 probanda
858 3875 925 3928 mihi
944 3876 1060 3928 videtur.
1099 3874 1171 3927 Nam
1190 3878 1283 3927 orator
1302 3874 1394 3927 studet

218 3964 390 4018 auditoribus
410 3965 577 4031 persuadere
596 3965 685 4017 nullas
704 3965 834 4016 maeroris
854 3981 949 4017 causas
969 3981 1038 4029 esse,
1058 3981 1119 4016 cum
1131 3964 1236 4016 maiora
1249 3963 1395 4016 commoda

217 4052 393 4106 incommoda
419 4053 585 4122 adaequent.
631 4051 730 4122 Itaque
759 4053 884 4105 videmus
912 4053 1107 4106 refutationem
1133 4053 1222 4104 luctus
1250 4069 1391 4104 causarum

218 4143 323 4210 optime
345 4158 396 4209 per
414 4143 551 4195 contraria
570 4141 629 4195 fieri
648 4159 737 4210 posse,
757 4159 811 4210 qna
830 4142 865 4194 de
883 4159 912 4194 19
932 4142 1035 4194 codicis
1054 4143 1136 4194 lectio
1156 4141 1307 4194 sententiae
1327 4158 1392 4194 cou-

218 4233 312 4285 venire
335 4230 402 4282 mihi
420 4231 543 4296 videtum
563 4233 704 4299 profertur
723 4232 795 4283 9111111
814 4248 868 4283 non
888 4231 917 4282 id
936 4231 1212 4284 animadvertendum
1233 4248 1299 4295 enee,
1319 4231 1392 4298 quod

217 4325 333 4374 mortem
353 4322 480 4386 obierint,
499 4322 546 4373 sed
566 4320 641 4388 quod
654 4337 697 4372 191
710 4321 863 4387 praeclaras
876 4321 1017 4386 gesserint.
1044 4317 1151 4384 Orator,
1165 4336 1227 4373 cum
1240 4337 1391 4372 maerorem

217 4411 304 4464 lenire
322 4412 397 4478 velit,
416 4414 500 4478 negat
518 4413 634 4462 mortem
653 4409 771 4461 militum
790 4411 916 4462 lamentis
936 4409 1048 4474 dignam
1069 4425 1141 4461 esse:
1162 4407 1195 4462 ου’
1213 4406 1267 4482 γὰρ
1281 4406 1392 4482 θρήνων
1422 4411 1425 4418 ’

219 4498 280 4557 ἄξια
299 4497 481 4564 πεπόνθασιν,
501 4498 556 4552 ἀλλ’
578 4498 698 4553 ἐπαίνων
715 4495 844 4572 μεγάλων
862 4495 1048 4568 πεποιήκασιν.

272 4604 369 4649 Schlau.
1214 4605 1231 4655 2
