3522 5436
727 595 945 654 ..43-

250 766 369 832 ibidem
394 767 485 834 509b
510 768 549 832 de
575 768 641 832 sole
666 776 789 832 censet:
813 769 867 832 τὸν
885 769 971 850 ἥλιον
991 775 1054 839 τοῖς
1070 769 1246 850 ὁρωμένοις
1261 769 1300 831 οὐ
1315 768 1425 849 μόνον,

252 877 346 957 οἶμαι,
379 876 434 958 τὴν
465 882 520 939 τοῦ
554 876 692 956 ὁρᾶσθαι
721 876 856 946 δύναμιν
883 878 1030 958 παρέχειν
1052 877 1171 957 φήσεις,
1195 873 1270 937 ἀλλὰ
1294 875 1349 937 καλ
1370 875 1426 957 τὴν

252 985 370 1064 γένεσιν
393 983 446 1046 καὶ
470 985 570 1065 αὔξην
594 983 648 1046 καὶ
671 985 802 1065 τροφήν,
827 983 865 1045 οὐ
890 984 1007 1063 γένεσιν
1030 982 1125 1046 αὐτὸν
1148 983 1249 1045 dcccl.

342 1087 392 1152 De
416 1087 477 1152 hac
499 1090 571 1170 ipse
594 1088 670 1151 solis
694 1091 724 1150 vi
741 1087 925 1171 Hyperides
950 1108 1044 1170 agere
1067 1098 1099 1150 et
1114 1086 1276 1151 Isocratis.
1292 1089 1427 1170 vestigia

253 1211 379 1259 secutus
402 1216 471 1259 esse
494 1198 729 1278 imaginemque
751 1193 791 1258 ab
811 1195 866 1258 illo
885 1196 1044 1276 prolatam
1064 1193 1191 1257 videtur
1209 1192 1426 1277 produxisset

255 1302 327 1366 Duo
361 1305 445 1366 enim
478 1300 667 1385 Panegyriei
701 1302 763 1366 loei
801 1300 888 1364 haud
922 1300 1009 1364 aliud
1045 1299 1187 1381 edicunt,
1225 1300 1265 1366 ci.
1291 1299 1341 1362 IV
1368 1305 1424 1365 26:

252 1412 430 1492 εὑρήσομεν
458 1408 518 1491 γὰρ
547 1409 645 1492 αὐτὴν
675 1409 731 1490 (so.
759 1408 815 1490 τὴν
842 1407 948 1491 πόλιν)
977 1409 1016 1472 σύ
1043 1409 1145 1490 μόνον
1173 1413 1237 1471 τῶν
1264 1408 1346 1489 πρὸς
1372 1407 1427 1472 τὸν

251 1517 392 1598 πόλεμον
417 1513 598 1601 [ιιινὸύνων]
624 1516 701 1579 ἀλλὰ
725 1515 779 1579 καὶ
801 1522 855 1598 τῆς
878 1515 973 1598 ἄλλης
995 1521 1201 1596 κατασκευῆς,
1225 1516 1258 1577 ἐν
1278 1513 1299 1597 ᾗ
1322 1538 1426 1578 κατοι-

252 1630 373 1705 κοῦμεν
404 1624 458 1686 καὶ
494 1621 568 1705 μεθ’
598 1621 636 1705 ἦς
670 1622 901 1703 πολιτευόμεθα
933 1622 988 1685 καὶ
1020 1619 1059 1684 δι’
1088 1624 1128 1704 ἣν
1159 1623 1216 1704 ζῆν
1250 1621 1426 1702 δυνάμεθα,

253 1730 366 1812 σχεδὸν
394 1730 520 1812 ἁπάσης
548 1731 646 1793 αἰτίαν
674 1727 782 1792 οὖσαν.
822 1727 874 1791 IV
892 1731 948 1792 38:
973 1730 1054 1792 ὥστε
1081 1734 1145 1791 τῶν
1172 1729 1343 1809 παρόντων
1364 1735 1428 1798 τοῖς

253 1838 439 1919 ἀνθρώποις
455 1838 600 1918 ἀγαθῶν,
624 1837 686 1900 ὅσα
699 1836 745 1919 μὴ
761 1835 848 1918 παρὰ
865 1836 955 1898 θεῶν
970 1837 1093 1918 ἔχομεν,
1118 1835 1196 1897 ἀλλὰ
1217 1833 1255 1898 δι’
1275 1835 1428 1917 ἀλλήλους

252 1946 327 2027 ἡμῖν
352 1946 473 2025 γέγονε,
497 1943 599 2026 μηδὲν
621 1943 681 2024 μὲν
704 1944 779 2006 ἄνευ
802 1950 857 2026 τῆς
877 1943 1002 2012 πόλεως
1024 1949 1079 2024 τῆς
1101 1943 1254 2024 ἡμετέρας
1277 1943 1367 2012 εἶναι,
1390 1941 1427 2004 τὰ

254 2051 288 2114 δὲ
303 2051 428 2114 πλεῖστα
445 2049 495 2114 διὰ
511 2051 625 2132 ταύτην
642 2050 836 2131 γεγενῆσθαι.
877 2047 1051 2131 Hyperidis
1072 2057 1127 2126 est,
1153 2046 1239 2129 quod
1256 2047 1312 2111 has
1331 2049 1428 2110 etiam

254 2178 272 2219 a
296 2139 432 2220 Platone
456 2166 552 2239 etque
579 2154 721 2219 lsoorate
745 2153 906 2218 adhibitas
931 2156 1105 2217 sententias
1129 2153 1167 2216 de
1187 2155 1218 2216 vi
1238 2154 1314 2218 solis
1334 2164 1366 2216 et
1387 2153 1427 2216 de

254 2265 446 2327 auctoritate
462 2262 663 2325 Athenarum
681 2263 764 2325 inter
781 2263 1012 2341 seconiunxit3
1037 2282 1139 2344 neque
1156 2260 1296 2324 dubitari
1312 2270 1427 2342 potest.

254 2371 330 2452 quin
354 2369 416 2432 hoo
440 2368 481 2432 ad
505 2368 592 2432 urbis
617 2368 744 2432 leudem
769 2367 948 2450 augendam
972 2368 1094 2431 iecerit.
1134 2365 1199 2432 Sed
1218 2369 1323 2448 imago
1348 2367 1428 2430 baec

255 2497 311 2538 nos
336 2477 501 2558 aliquanto
526 2474 670 2555 offendit,
694 2496 767 2538 cum
792 2495 853 2538 non
878 2483 996 2557 petest,
1022 2495 1086 2556 qua
1109 2477 1232 2538 retione
1253 2475 1300 2537 sol
1318 2472 1428 2556 probis

254 2593 379 2646 tentum
406 2583 566 2663 consulat,
599 2603 662 2664 qua
692 2584 815 2646 ratione
849 2583 961 2646 civitas
994 2581 1095 2644 malos
1128 2582 1277 2663 puniens,
1309 2579 1428 2664 probos

255 2689 422 2770 adiuvanS,
451 2691 570 2753 iustum
599 2709 742 2769 servans,
772 2688 811 2752 de
836 2690 996 2751 communi
1022 2689 1124 2751 salute
1147 2688 1331 2770 periclitans
1357 2709 1429 2751 cum

255 2796 321 2860 sole
354 2797 534 2878 comparari
566 2797 676 2878 possit.
722 2794 806 2860 Nam
841 2797 888 2858 sol
924 2793 1071 2860 omnibus
1105 2793 1286 2858 hominibus
1320 2792 1430 2876 probis

254 2902 472 2985 improbisque
506 2905 686 2966 necessaria
719 2911 880 2984 procreat,
914 2902 954 2968 ot.
979 2900 1061 2965 Nor.
1083 2900 1169 2964 Test.
1195 2899 1350 2964 Matth.V
1370 2904 1427 2964 45:

255 3012 345 3081 ὅπως
370 3011 506 3092 γένησθε
532 3011 595 3074 vici
621 3017 676 3073 τοῦ
704 3010 823 3091 πατρὸς
850 3011 945 3092 ὑμῶν
972 3015 1027 3072 τοῦ
1054 3010 1087 3073 έν
1114 3010 1274 3090 οὐρανοῖς,
1303 3009 1348 3071 ὅτι
1375 3007 1430 3071 τὸν

255 3118 342 3200 ἥλιον
365 3118 462 3182 αὐτοῦ
486 3117 641 3180 ἀνατέλλει
669 3117 718 3180 ἐπὶ
745 3116 906 3198 πονηροὺς
928 3117 983 3180 καὶ
1006 3115 1150 3198 ἀγαθοὺς
1174 3116 1227 3179 καὶ
1252 3117 1357 3198 βρέχει
1380 3114 1430 3177 ἐπὶ

256 3225 397 3294 δικαίους
424 3224 477 3286 καὶ
505 3224 643 3294 ἀδίκους.
691 3220 894 3306 Quamquam
923 3244 996 3286 raro
1025 3221 1073 3303 fit,
1103 3231 1138 3284 ut
1166 3222 1224 3286 soli
1257 3223 1354 3284 etiem
1382 3223 1429 3284 vis

257 3329 392 3394 nocendi
421 3328 654 3409 adscribatur⁸,
688 3339 793 3393 tamen
823 3329 885 3393 hoc
912 3330 984 3393 loco
1014 3326 1054 3392 de
1084 3349 1122 3392 ee
1150 3330 1181 3391 vi
1208 3329 1328 3391 mentio
1361 3326 1430 3391 fieri

258 3457 319 3500 non
344 3446 463 3518 potest,
493 3457 563 3500 cum
589 3435 873 3500 demonstrandum
903 3438 945 3499 sit
968 3435 1115 3499 Athenas
1140 3456 1265 3517 semper
1288 3435 1429 3497 iustitiae

256 3554 363 3625 partes
396 3551 513 3608 tenere.
570 3542 696 3606 Deinde
730 3544 789 3606 soli
823 3563 927 3624 neque
965 3544 1119 3605 iustitiam
1154 3562 1255 3624 neque
1289 3539 1428 3604 studium

256 3649 375 3713 mundo
392 3652 457 3713 suis
474 3650 623 3732 perieulis
641 3652 845 3713 securitatem
861 3647 1037 3731 praebendi
1054 3647 1236 3712 adscribere
1251 3668 1430 3730 possumus.

197 3763 201 3774 '
257 3753 409 3837 Cogimur
440 3757 537 3837 igitur
576 3757 722 3819 conicere
755 3754 930 3838 Hyperidis
963 3757 1101 3819 maximo
1135 3754 1331 3834 interfuisse,
1367 3774 1430 3837 qua

257 3865 380 3925 ratione
405 3863 541 3944 patriam
566 3883 690 3925 summa
712 3861 808 3925 laude
833 3871 970 3944 ornaret,
994 3861 1081 3945 quod
1098 3872 1133 3926 ut
1148 3861 1247 3940 fieret,
1273 3883 1345 3926 eum
1363 3882 1431 3923 rem

257 3967 417 4051 publicam
446 3989 518 4031 cum
546 3969 613 4032 sole
642 3971 891 4052 comparavisse,
925 3970 1090 4050 utriusque
1122 3970 1312 4052 gravitatem
1347 3969 1430 4031 notis

347 4163 357 4195 ¹
375 4163 410 4215 ef.
426 4161 482 4215 uie.
493 4159 574 4214 Tuse.
582 4160 598 4215 1
607 4163 650 4227 λθ,
661 4160 753 4216 Somn.
766 4161 839 4230 Soip.
849 4163 879 4216 4:
893 4163 934 4216 sol
945 4203 951 4215 .
963 4201 970 4216 .
981 4202 987 4215 .
998 4164 1054 4216 dux
1064 4167 1092 4215 et
1101 4161 1227 4230 prinecps
1238 4167 1265 4214 et
1275 4162 1432 4214 moderator

257 4251 388 4303 luminum
407 4251 586 4318 reliquorum,
610 4267 686 4304 mens
705 4252 800 4303 mundi
825 4255 853 4304 et
876 4253 1054 4319 temperatio,
1079 4255 1155 4304 tenta
1177 4251 1378 4318 magnitudine,
1402 4252 1432 4302 ut

258 4343 355 4392 cuncte
374 4357 424 4392 sue
442 4341 503 4392 lnce
522 4340 620 4392 lustret
639 4342 667 4392 et
686 4341 831 4409 compleat.

347 4429 357 4460 ²
376 4428 413 4481 ci.
431 4428 592 4491 Buecheler,
612 4429 629 4482 l.
645 4445 667 4481 e.
680 4427 714 4481 N.
728 4427 828 4482 Jahrb.
843 4429 862 4482 f.
876 4429 958 4483 kleee.
972 4429 1072 4483 Philol.
1088 4430 1166 4495 1875,
1179 4447 1205 4496 p.
1219 4428 1279 4482 308.

348 4517 358 4550 ⁸
376 4517 412 4572 cf.
431 4516 562 4582 Roeoher,
582 4518 599 4569 1.
614 4534 636 4570 c.
653 4534 677 4584 p.
692 4517 770 4570 2022.
