3522 5436
845 531 1066 590 ..10-

422 705 474 772 11.
498 703 654 798 Partrtto
678 702 712 790 (ξ
730 704 772 788 3).
819 702 940 770 Orator
961 706 1114 788 proponit
1137 724 1171 769 se
1195 703 1397 768 laudaturum
1424 723 1494 768 esse

372 835 399 895 l.
423 849 490 892 rem
513 827 674 911 publicam
697 837 751 912 τῆς
773 831 989 910 προαιρέσεως
1011 831 1124 902 ἕνεκεν,

370 941 399 1002 2.
424 937 547 999 occisos
570 945 625 1018 τῆς
648 937 792 1018 ἀνδρείας
814 943 869 1018 τῆς
892 937 925 1000 ἐν
947 942 993 1018 τῷ
1015 937 1148 1018 πολέμῳ
1171 935 1314 1019 (ἕνεκεν),

370 1047 399 1108 3.
424 1043 537 1107 ducem
562 1064 671 1107 eorum
695 1041 910 1106 Leosthenem
936 1043 987 1106 dni
1010 1043 1184 1125 ἀμφότερα.

459 1149 575 1214 Tribus
599 1148 748 1213 brevibus
773 1151 950 1231 perspicuis
974 1151 1139 1212 sententiis
1156 1147 1339 1232 Hyperides
1363 1148 1448 1214 hano
1470 1168 1550 1230 par·

369 1259 515 1321 titionem
538 1256 669 1339 profert,
684 1257 856 1320 maximum
876 1255 1004 1338 pondus
1022 1257 1056 1319 in
1076 1254 1171 1320 rebus
1193 1254 1327 1319 obiectis
1342 1257 1443 1338 ponit
1460 1275 1549 1338 qnae

370 1384 480 1427 omnes
513 1365 616 1446 primo
649 1362 721 1427 loco
755 1365 851 1426 trium
883 1362 951 1426 iere
983 1364 1109 1445 parium
1142 1363 1207 1447 (15,
1237 1365 1287 1444 18,
1319 1366 1357 1425 15
1386 1360 1547 1446 syllabae)

369 1469 493 1552 periodi
510 1468 724 1533 membrorum
741 1472 866 1552 positae
883 1479 965 1532 sunt.
1004 1466 1144 1552 Singulis
1165 1467 1316 1534 membris
1329 1468 1549 1532 adnectuntur

370 1577 514 1657 singulae
531 1575 804 1658 amplificationes,
829 1597 964 1658 quarum
987 1578 1018 1639 in
1037 1574 1161 1640 duabus
1183 1586 1293 1640 orator
1309 1574 1428 1639 eisdem
1446 1583 1546 1658 atque

369 1684 401 1745 in
430 1683 540 1765 primis
569 1682 712 1764 partibus
735 1680 900 1746 vocabulis
925 1684 1036 1746 utitur:
1066 1691 1120 1766 τῆς
1141 1685 1402 1765 προαιρέσεως
1423 1731 1429 1746 .
1451 1730 1457 1745 .
1478 1732 1486 1747 .
1508 1681 1546 1746 τὸ

369 1791 617 1871 προελέσθαι.
639 1789 692 1854 τὸν
716 1790 750 1854 δὲ
774 1789 980 1872 στρατηγὸν
1004 1838 1011 1853 .
1036 1840 1042 1852 .
1066 1838 1073 1853 .
1096 1798 1150 1872 τῆς
1177 1815 1209 1855 τε
1237 1789 1297 1873 γὰρ
1328 1791 1546 1871 προαιρέσεως

370 1897 569 1980 εἰσηγητὴς
600 1904 637 1980 τῇ
668 1897 757 1960 πόλει
784 1898 913 1978 ἐγένετο,
943 1897 997 1961 καί
1028 1905 1083 1978 τῆς
1117 1899 1275 1978 στρατείας
1302 1897 1455 1979 ἡγεμὼν
1481 1901 1546 1966 τοῖς

326 2005 337 2028 ’
369 2004 505 2074 πολίταις
527 2006 666 2085 κατέστη.

460 2109 639 2191 Dispositio
668 2108 787 2192 duplici
816 2112 941 2173 ratione
971 2111 1150 2193 composita
1176 2109 1317 2173 ridetur:
1344 2110 1447 2192 primo
1472 2110 1544 2172 loco

371 2215 410 2279 de
441 2237 564 2280 summa
592 2238 636 2298 re,
665 2215 704 2280 de
733 2238 767 2279 re
795 2216 933 2299 publica,
961 2215 998 2280 fit
1025 2218 1159 2294 menti03
1184 2215 1301 2280 deinde
1325 2218 1480 2280 transitur
1503 2214 1545 2278 ad

370 2321 513 2386 membra
533 2326 579 2386 rei
599 2322 747 2405 publicae
766 2361 810 2371 -
829 2323 872 2386 ad
888 2324 973 2387 cives
990 2322 1174 2401 defunctor;
1194 2332 1356 2406 postremo
1374 2335 1483 2386 orator
1503 2320 1545 2385 ad

371 2451 468 2492 nuum
486 2432 587 2493 civem
603 2432 913 2512 praestantissimum
925 2432 1128 2494 convertitur.
1163 2427 1228 2494 Sed
1243 2431 1326 2493 ratio
1336 2429 1544 2510 gradationis,

371 2557 453 2619 quae
477 2538 545 2600 sino
570 2536 667 2600 dubio
697 2538 729 2600 in
759 2537 820 2600 hac
843 2539 1015 2619 partitione
1039 2539 1130 2617 inest,
1158 2539 1190 2600 in
1215 2557 1253 2600 eo
1278 2539 1433 2616 consistit,
1458 2533 1546 2618 quod

370 2653 587 2725 transgressus
610 2642 646 2706 fit
670 2665 689 2706 a
712 2645 834 2707 minore
859 2643 900 2706 ad
929 2646 1039 2708 maius.
1090 2642 1279 2709 Orationem
1307 2651 1544 2725 perscrutantes

369 2752 566 2814 inveniemus
591 2749 720 2813 laudem
741 2749 917 2813 secundum
933 2750 1016 2814 hanc
1032 2749 1252 2833 gradationem
1271 2751 1389 2831 augeri.
1429 2749 1544 2831 Itaque

370 2857 471 2920 altera
500 2855 718 2939 dispositionis
748 2859 830 2921 ratio
856 2857 988 2920 modum
1013 2856 1140 2920 ridetur
1169 2856 1347 2939 observare,
1377 2877 1440 2938 quo
1469 2855 1545 2919 belli

371 2962 476 3026 Lamii
505 2966 678 3046 participes
711 2963 853 3028 fuerant:
883 2985 934 3028 res
963 2963 1100 3046 publica,
1126 2965 1251 3045 milites,
1282 2963 1354 3026 dux.
1400 2961 1544 3026 Persona

371 3069 562 3134 Leosthenis
577 3073 641 3134 iam
653 3091 691 3134 eo
706 3073 874 3152 insigniter
888 3070 1101 3152 praedicatur,
1117 3069 1205 3152 quod
1219 3069 1332 3134 ambae
1351 3069 1543 3134 laudationis

371 3197 496 3257 causae,
521 3185 553 3241 et
575 3176 618 3239 ad
635 3179 796 3241 oiritatem
814 3177 903 3241 etad
923 3179 1007 3240 cives
1025 3176 1235 3241 celebrandos
1252 3177 1378 3258 allatae,
1396 3175 1543 3239 adducis

370 3282 500 3346 laudem
524 3285 724 3349 conveniunt.

462 3389 489 3452 E
505 3410 568 3472 quo
583 3399 674 3472 patet
689 3391 855 3454 consilium
867 3390 1031 3473 epitaphii,
1042 3392 1213 3473 praecipue
1225 3392 1375 3454 eximium
1391 3389 1543 3453 honorem

372 3494 548 3560 Leostheni
587 3496 750 3579 tributum,
791 3500 854 3560 iarn
897 3497 958 3561 hac
990 3496 1163 3561 artificiosa
1194 3498 1367 3579 partitione
1407 3494 1544 3559 dilucide

370 3603 548 3667 indicatum
572 3625 650 3669 esse.

722 3782 793 3848 111.
816 3781 990 3849 usuratio
1015 3779 1056 3868 §a
1080 3785 1199 3846 4—23.

459 3905 553 3969 Haeo
600 3908 740 3969 maxima
783 3908 936 3970 orationis
980 3927 1054 3989 pars
1099 3907 1303 3988 partitionem
1347 3906 1544 3988 aliquantum

372 4014 528 4095 sequitur:
563 4015 595 4075 in
629 4014 739 4094 primis
773 4013 811 4097 ἐξ
836 4015 923 4075 4-6
953 4015 1123 4096 exponitur
1154 4013 1224 4076 laus
1253 4014 1400 4093 civitatis,
1430 4009 1543 4075 deinde

371 4116 411 4204 ἕξ
437 4122 521 4182 6-9
554 4122 753 4201 prooemium
787 4118 949 4201 quoddam
980 4121 1162 4183 continetur
1189 4119 1293 4183 laudis
1322 4121 1461 4182 omnium
1493 4117 1543 4181 de-

371 4225 553 4288 functorum
578 4226 768 4304 communis3
791 4227 822 4289 in
841 4228 936 4289 tertia
958 4235 1050 4308 parte
1074 4225 1113 4311 ἕξ
1131 4230 1240 4289 9-14
1262 4224 1453 4289 Leosthenis
1478 4227 1543 4288 laus

371 4333 490 4415 primas
523 4330 621 4396 habet
656 4342 778 4414 partes,
821 4333 922 4396 nullas
955 4333 1022 4398 fere
1056 4334 1206 4412 militum3
1245 4334 1277 4395 in
1311 4334 1423 4395 ultima
1456 4340 1543 4414 parte

304 4477 308 4486 ·
371 4437 410 4523 ἕξ
439 4442 565 4503 15-23
591 4439 707 4503 milites
732 4438 850 4503 diserte
874 4439 1109 4522 praedicantur.
