3522 5436
792 517 1011 576 ..54-

315 692 396 774 ἔχειν
411 691 464 754 τδν
479 692 646 766 τεθνεῶτα,
662 695 681 775 ἢ
697 693 776 756 κατὰ
792 692 829 755 τό
845 692 1000 774 λεγόμενα
1015 693 1173 774 μεταβολή
1190 716 1233 762 τις
1247 693 1391 774 τυγχάνει
1407 689 1489 754 οὖσα

314 799 368 860 καὶ
390 800 567 882 μετοίκησις
589 805 627 882 τῇ
650 805 740 882 ψυχῇ
763 805 818 862 τοῦ
842 799 940 862 τόπου
963 805 1020 863 τοῦ
1043 799 1173 864 ἐνθένδε
1196 801 1239 869 εἰς
1262 799 1356 862 ἄλλον
1381 797 1487 860 τόπον.

314 906 368 968 καὶ
396 907 453 968 εἴτε
480 906 621 988 μηδεμία
649 906 794 988 αἴσθησίς
822 906 915 978 ἔστιν,
949 904 1014 970 ἀλλ’
1044 905 1112 970 οἷον
1145 907 1256 976 ὕπνος,
1290 905 1415 968 ἐπειδάν
1446 928 1489 974 τις

315 1011 489 1075 καθεύδων
515 1011 591 1095 μηδ’
621 1013 701 1092 ὄναρ
733 1012 834 1094 μηδὲν
867 1013 943 1096 ὁρᾷ,
976 1013 1158 1094 θαυμάσιον
1185 1011 1300 1093 κέρδος
1328 1013 1367 1074 δν
1396 1013 1441 1093 εἴη
1469 1010 1487 1072 ό

314 1118 460 1189 θάνατος.
514 1117 556 1182 Et
583 1116 703 1181 ibidem
731 1118 866 1200 legimus
894 1121 977 1183 400:
1006 1120 1035 1182 εἰ
1060 1117 1088 1182 δ’
1119 1117 1160 1182 αὖ
1188 1118 1256 1182 οἷον
1283 1118 1491 1200 ἀποδημῆσαί

315 1225 396 1288 ἐστιν
412 1226 430 1288 ό
446 1226 586 1296 θάνατος
609 1225 737 1290 ἐνθένδε
760 1227 803 1296 εἰς
826 1227 922 1290 ἄλλον
945 1226 1052 1300 τόιιον,
1075 1225 1129 1290 καὶ
1153 1226 1259 1309 ἀληθῆ
1274 1225 1310 1288 τὰ
1325 1225 1488 1307 λεγόμενα,

316 1332 362 1402 ὡς
385 1333 448 1415 ἄρα
472 1333 538 1396 ἐκεῖ
558 1334 634 1396 εἰσιν
657 1333 791 1404 ἅπαντες
814 1333 845 1396 οῖ
866 1333 1065 1404 τεθνεῶτεςῑ.

406 1436 597 1503 Oratoribus
616 1435 750 1503 Graecia
773 1459 963 1521 persuasum
987 1459 1056 1503 esso
1080 1437 1206 1503 ridetur
1228 1449 1370 1502 mortuos
1395 1457 1489 1500 seusu

316 1543 402 1608 haud
434 1546 578 1626 privatos
610 1546 712 1626 (μεθ’,
749 1566 943 1629 quamquam
982 1545 1062 1610 tales
1095 1548 1270 1610 sententias
1304 1546 1488 1627 plerumque

317 1649 526 1715 dubitationis
547 1653 653 1734 speeie
672 1651 840 1735 proferunt
848 1650 868 1732 ⁸,
893 1652 933 1718 of.
951 1651 1032 1717 Plat.
1050 1637 1175 1717 Menux.
1192 1651 1298 1717 248b:
1323 1652 1389 1715 ἀλλ’
1407 1654 1439 1715 εἴ
1447 1675 1490 1721 τις

316 1760 378 1821 ἔστι
399 1765 463 1829 τοῖς
486 1759 734 1842 τετελευτηκόσιν
759 1759 905 1843 αἴσθησις
931 1765 996 1824 τῶν
1025 1761 1164 1834 ζώντων.
1215 1758 1304 1824 Dem.
1325 1756 1418 1822 XIX
1439 1763 1489 1851 66,

316 1861 389 1928 XX
406 1869 457 1945 87,
481 1864 613 1929 XXIII
630 1870 702 1930 210.
748 1865 848 1930 Isoor.
868 1864 923 1929 IX
946 1870 979 1930 2:
1009 1869 1041 1931 εἴ
1066 1891 1110 1937 τις
1138 1867 1217 1930 ἐστὶν
1250 1867 1397 1949 αἴσθησις
1428 1871 1490 1936 τοῖς

316 1973 543 2055 τετελευτηκόσι
558 1974 629 2055 περὶ
644 1978 709 2036 τῶν
725 1973 841 2038 ἐνθάδε
857 1975 1062 2055 γιγνομένων.
1101 1971 1190 2036 XIV
1203 1977 1254 2054 61,
1271 1970 1363 2035 XIX
1376 1977 1428 2053 42,
1439 1975 1490 2036 44.

317 2076 394 2162 Lyo.
416 2077 529 2144 Leoor.
554 2083 626 2143 136.
672 2078 747 2162 Lys.
767 2078 842 2143 XII
866 2083 937 2144 100.
966 2116 1008 2126 —
1037 2079 1154 2162 Itaque
1178 2099 1298 2161 ponere
1321 2097 1490 2162 possumus

317 2186 401 2249 hano
429 2185 559 2249 dubiam
584 2186 624 2250 de
653 2208 747 2250 sensu
778 2197 975 2251 mortuorum
1002 2189 1192 2251 senteutiam
1217 2187 1378 2268 vulgarem
1405 2183 1491 2267 apud

320 2289 463 2357 Graecos
487 2293 614 2357 illorum
637 2302 818 2377 temporum
842 2293 970 2358 fuisse⁴.

409 2397 474 2464 Sed
508 2402 602 2463 etiam
636 2401 737 2463 altera
766 2402 933 2479 sententia,
966 2421 1061 2482 quam
1089 2399 1197 2464 Meuss
1225 2399 1300 2464 huio
1328 2398 1491 2481 epitaphio

319 2515 415 2588 atque
428 2504 573 2570 Platonis
586 2506 768 2589 Apologiae
784 2527 985 2570 communem
1000 2505 1206 2587 domonstrat,
1221 2509 1240 2572 i.
1254 2527 1280 2569 e.
1293 2508 1319 2570 si
1332 2514 1492 2569 mortuum

319 2633 388 2676 esse
416 2633 475 2695 par
504 2623 552 2676 esi
580 2622 676 2695 atque
707 2633 868 2695 uunquam
898 2622 1007 2676 natum
1035 2614 1086 2677 vel
1114 2613 1190 2677 nihil
1221 2634 1290 2677 esse
1316 2622 1383 2694 eto,
1416 2610 1493 2674 alibi

320 2718 463 2799 habetur,
493 2721 583 2783 ouius
611 2721 657 2782 rei
683 2719 869 2801 Euripidem
900 2729 1014 2784 testem
1044 2719 1152 2799 affero,
1181 2719 1221 2785 of.
1242 2718 1337 2786 Trou.
1361 2741 1388 2782 v.
1414 2721 1491 2782 636:

317 2826 352 2889 τδ
375 2827 420 2909 μὴ
446 2827 591 2908 γενέσθαι
613 2833 658 2909 τῷ
681 2828 792 2891 θανεῖν
815 2829 883 2912 ἴσον
906 2827 997 2908 λέγω.
1032 2824 1156 2909 Polyid.
1172 2826 1264 2909 irgm.
1282 2830 1361 2905 6393
1385 2823 1493 2890 Phrix.

318 2933 410 3014 frgm.
428 2936 500 2997 830.

409 3038 557 3122 Denique
580 3038 763 3123 Hyperides
789 3039 807 3124 ξ
828 3044 869 3103 43
895 3049 1004 3104 oonset
1028 3039 1206 3121 defunctos,
1231 3042 1285 3123 qui
1309 3041 1429 3122 optime
1453 3037 1493 3101 de

320 3145 493 3209 honoribus
519 3144 650 3209 deorum
676 3149 858 3228 meruerint,
881 3149 1040 3212 maximae
1064 3167 1160 3210 ourae
1185 3148 1322 3210 numinis
1339 3146 1407 3227 (τοῦ
1426 3146 1492 3209 δαι-

410 3305 419 3337 ¹
438 3305 473 3357 oi.
493 3303 548 3358 (lio.
567 3304 611 3358 De
631 3306 751 3358 amicitia
772 3305 817 3357 14:
841 3303 876 3358 Id
895 3306 917 3358 si
936 3306 975 3358 ita
994 3311 1048 3371 eet,
1073 3309 1103 3358 ut
1122 3306 1218 3374 optimi
1239 3306 1370 3372 ouiuaque
1389 3304 1493 3357 animun

319 3392 348 3444 in
371 3397 458 3446 morie
483 3393 614 3446 facillime
639 3395 731 3446 evolet
754 3398 895 3462 tamquam
918 3411 933 3447 a
957 3395 1081 3448 custodia
1108 3395 1261 3462 vinoliaqua
1285 3394 1421 3461 eorporia,
1449 3393 1494 3445 oui

320 3499 460 3535 censemus
480 3500 586 3535 curuum
607 3483 640 3535 ad
661 3483 726 3536 daea
746 3483 900 3535 faciliorem
911 3483 996 3536 iuiaaa
1010 3500 1092 3551 quam
1105 3481 1247 3551 Scipioni?
1261 3523 1267 3535 .
1281 3522 1287 3535 .
1303 3523 1309 3535 .
1342 3481 1390 3535 Sin
1403 3485 1495 3534 autem

320 3572 368 3624 illa
386 3572 501 3637 veriora,
520 3576 550 3623 ut
569 3572 641 3624 idem
660 3571 785 3624 inleritua
804 3573 840 3624 aih
859 3572 1010 3625 animorum
1030 3576 1058 3626 et
1077 3589 1221 3640 corporum
1241 3588 1292 3625 neo
1311 3572 1383 3625 ullus
1401 3587 1494 3624 aeneus

320 3665 439 3726 maneat,
459 3666 488 3712 ut
507 3660 575 3713 nihil
594 3660 661 3713 boni
681 3665 722 3714 eui
740 3661 767 3713 in
783 3665 878 3728 morte,
898 3662 936 3713 sio
950 3665 1023 3714 certe
1036 3661 1105 3714 nihil
1118 3662 1196 3727 mali:
1216 3678 1295 3714 eenau
1309 3661 1380 3713 enim
1395 3660 1493 3712 amisso

320 3748 351 3802 fit
369 3750 450 3815 idem,
470 3749 546 3817 quasi
566 3755 644 3802 uatus
663 3767 719 3802 non
738 3753 809 3804 esaei
829 3751 948 3803 omnino,

409 3839 420 3871 ¹
440 3839 474 3891 oi.
495 3838 594 3905 Menan,
614 3839 647 3893 N.
661 3839 760 3892 Jahrb.
775 3840 794 3892 f.
808 3839 845 3892 lrl.
859 3839 959 3892 Philol.
976 3839 1053 3902 1889,
1072 3856 1099 3907 p.
1113 3840 1174 3892 815.

409 3929 420 3961 ⁸
440 3926 539 3994 Mauso,
558 3928 624 3981 ibid.
638 3946 665 3996 p.
679 3929 744 3996 805;
763 3927 949 3998 Nigelabaoh
968 3929 986 3980 l.
1001 3946 1023 3981 e.
1037 3946 1063 3995 p.
1077 3929 1138 3981 416.

409 4017 546 4071 ‘Similia
574 4019 656 4070 otiam
685 4019 758 4084 apud
787 4022 912 4071 auotorea
941 4019 1123 4086 portariorum
1147 4021 1303 4084 temporum
1328 4017 1495 4070 invenimur:

322 4106 355 4159 of.
368 4104 701 4174 Polyb.V11112(14)‚4:
719 4109 797 4179 εἴπερ
810 4109 858 4160 καὶ
870 4109 935 4177 περὶ
949 4103 1012 4167 τοὺς
1024 4108 1225 4180 ἀποιχομένους
1239 4106 1294 4161 ἔστι
1309 4126 1349 4167 τις
1361 4108 1494 4177 αἴσθησις.

322 4194 377 4248 (lio.
391 4194 461 4248 Phil.
475 4191 556 4260 Die,
571 4195 616 4248 13:
641 4194 706 4248 mihi
732 4199 822 4248 autem
841 4195 945 4263 gratior
968 4195 1009 4247 illi
1028 4195 1149 4261 videtur,
1174 4196 1195 4248 ri
1215 4194 1275 4262 quia
1295 4198 1336 4247 aab
1355 4211 1449 4248 aeneus
1468 4195 1496 4246 in

236 4285 244 4295 “
321 4289 416 4337 morta.
454 4284 568 4337 Philam.
583 4285 663 4352 irgm.
679 4283 730 4336 180
749 4283 865 4352 (Koelr):

643 4373 668 4426 εἰ
688 4380 746 4432 ταῖς
765 4373 940 4444 ἅληθείαισιν
960 4374 986 4426 οἱ
1004 4370 1172 4445 τεθνηκότες

642 4464 770 4532 αἴσθησιν
790 4459 872 4532 εἶχον,
893 4461 998 4534 ἄνδρες,
1018 4457 1053 4522 ὥς
1072 4465 1154 4529 φασίν
1173 4481 1246 4522 τινες
