3522 5436
885 603 1101 662 ..14-

409 774 617 857 Leostheues,
637 778 692 858 qui
711 777 796 840 cives
816 774 1002 840 adlabores
1022 775 1231 858 perferendos
1251 776 1430 858 impulerat,
1451 775 1597 839 milites-

409 903 472 965 que
496 884 563 946 eius
593 881 678 945 beati
707 880 847 944 habendi
876 878 971 944 sunt?
1014 878 1119 964 Quam
1144 885 1335 947 sententiam
1360 891 1469 946 orator
1488 883 1596 945 variis
1705 935 1706 976 Ξ

409 991 614 1072 argumentis,
638 1008 775 1070 quorum
799 997 951 1070 quattuor
973 1009 1091 1070 genera
1115 988 1272 1065 discerno,
1296 990 1396 1055 fulcit.

446 1095 473 1162 I.
498 1095 606 1160 Prima
645 1115 742 1158 causa
779 1105 827 1158 cst
863 1096 895 1158 in
933 1097 1049 1158 virtute
1087 1096 1208 1180 (ἀρετή)
1251 1097 1429 1160 occisorum
1470 1097 1594 1178 posita.

501 1207 527 1268 l.
551 1201 668 1266 Nonne
692 1203 785 1279 enim,
814 1222 886 1265 oum
910 1203 1058 1266 virtutem
1087 1205 1315 1285 praestiterint,
1342 1204 1450 1285 potius
1474 1203 1593 1266 felices

498 1330 593 1391 quam
617 1316 749 1391 propter
771 1321 907 1372 mortem
927 1309 1071 1373 infelices
1090 1308 1230 1373 habendi
1250 1307 1347 1373 sunt?
1387 1314 1415 1375 2.
1431 1309 1592 1373 Mortales

497 1415 710 1479 immortalem
726 1415 846 1479 famam
863 1418 1001 1479 assecuti
1018 1425 1092 1479 sunt
1108 1426 1141 1478 et
1160 1420 1188 1480 3.
1205 1415 1393 1480 fortitudine
1414 1437 1470 1480 sua
1489 1415 1590 1480 liber-

498 1532 596 1585 tatem
622 1521 768 1586 omnihus
794 1519 927 1587 Graecis
952 1521 1235 1603 confirmaverunt,
1260 1544 1364 1606 neque
1389 1525 1473 1587 euim
1497 1524 1591 1605 quic·

499 1650 594 1711 quam
620 1631 681 1693 nisi
702 1628 834 1693 libertas
857 1629 1056 1714 (αὐτονομία)
1081 1630 1224 1694 homiues
1246 1628 1357 1694 beatos
1379 1628 1485 1694 efficit.
1525 1627 1591 1694 Oui

500 1734 587 1800 dicto
612 1735 825 1799 adnectuntur
849 1736 1002 1799 nonnulla
1024 1735 1121 1800 verba
1150 1736 1189 1800 de
1218 1739 1344 1801 ratione
1366 1739 1414 1800 rei
1437 1735 1590 1819 publicae

499 1842 627 1906 liberae.

428 1949 474 2016 ΙΙ.
498 1946 648 2013 Alterum
672 1959 930 2031 argumentorum
953 1971 1051 2032 genus
1068 1959 1178 2013 orator
1192 1952 1225 2013 in
1243 1949 1468 2015 defunctorum
1489 1948 1588 2012 hene-

498 2054 578 2120 ficiis
595 2077 670 2138 erga
687 2059 874 2139 superstites
890 2059 995 2139 ponit:
1016 2060 1043 2119 l.
1060 2055 1101 2119 de
1117 2055 1296 2138 republica
1312 2056 1411 2121 libera
1428 2055 1588 2120 servanda

499 2173 702 2227 certaverunt
726 2173 757 2226 et
783 2165 847 2226 suis
875 2163 1026 2246 periculis
1055 2163 1197 2246 pericula
1227 2162 1349 2227 civibus
1378 2176 1411 2227 et
1438 2161 1587 2226 omnibus

500 2267 633 2334 Graecis
657 2271 858 2333 imminentia
881 2272 914 2332 in
939 2290 1032 2332 omne
1056 2279 1181 2352 tempus
1205 2283 1417 2351 removerunt,
1443 2275 1470 2335 2.
1487 2272 1587 2333 vitam

499 2397 557 2458 pro
582 2376 715 2440 aliorum
740 2376 827 2440 felici
851 2378 917 2439 rita
941 2375 1107 2457 dederuut,
1132 2381 1160 2440 3.
1184 2375 1369 2459 parentibus
1393 2380 1477 2441 iuter
1500 2379 1585 2439 cives

498 2483 661 2564 honorem,
686 2482 848 2547 sororibus
873 2483 1009 2547 honesta
1029 2485 1243 2565 matrimonia,
1267 2483 1375 2547 liberis
1393 2483 1584 2548 benevolen-

498 2591 577 2653 tiam
601 2592 715 2653 civium
740 2588 965 2672 praebuerunt.

410 2751 468 2802 laus
488 2749 625 2814 inuititur,
645 2749 800 2816 causisque,
820 2749 854 2801 de
874 2749 972 2816 quihus
991 2749 1090 2802 mortui
1110 2749 1240 2802 laudandi
1260 2749 1323 2814 sint,
1343 2749 1474 2816 expositis
1494 2752 1583 2801 orator

408 2840 464 2891 iam
487 2839 605 2891 maxime
629 2838 828 2891 beatitudinem
852 2855 943 2890 eorum
968 2839 1155 2891 demonstrare
1179 2840 1278 2891 studet
1317 2836 1378 2905 Qua
1401 2839 1435 2890 de
1459 2855 1487 2890 re
1511 2837 1581 2890 haud

410 2944 499 2980 errare
512 2927 578 2980 mihi
592 2927 695 2991 videor,
709 2927 731 2979 si
745 2929 885 2994 propriam
897 2932 1012 2994 partem,
1034 2927 1210 2980 beatitudinis
1223 2928 1465 2994 praedicationem,
1478 2945 1495 2980 a
1506 2944 1581 2994 prae-

409 3018 484 3069 eunti
499 3016 657 3069 laudatione
672 3033 777 3082 separo.
803 3014 899 3069 Talem
912 3017 1154 3084 praedicationem,
1168 3033 1332 3084 quamquam
1346 3033 1402 3069 non
1415 3021 1471 3068 tam
1484 3016 1581 3068 diserte

409 3107 576 3172 expositam,
599 3105 751 3158 invenimus
775 3106 855 3157 etiam
880 3106 907 3157 in
932 3105 1073 3173 epitaphio
1097 3106 1168 3158 laiso
1187 3104 1285 3172 Lysiae
1305 3106 1443 3173 adscripto
1463 3105 1579 3176 §aulea

410 3193 472 3246 Hac
483 3195 606 3247 oratione
614 3195 730 3246 fortasse
741 3193 896 3260 Hyperides
906 3195 1032 3261 exemplo
1043 3212 1106 3247 usus
1117 3198 1165 3260 est,
1177 3212 1238 3246 cum
1249 3195 1418 3247 existimetur
1427 3193 1579 3246 IVsaeoulo

410 3301 434 3335 a
454 3281 516 3335 Chr.
535 3301 570 3348 n.,
595 3287 624 3335 ut
650 3283 691 3334 llr.
710 3283 797 3336 Reuss
817 3285 918 3336 conicit
936 3289 999 3350 post
1018 3301 1118 3336 annum
1138 3285 1198 3348 352,
1222 3285 1374 3350 composita
1393 3301 1460 3336 esse.
1497 3283 1579 3336 Reuss

410 3372 494 3424 enim:
517 3355 609 3438 ,liber
627 3370 789 3438 Ps.·Lysias’
811 3371 990 3440 Epitaphios“
1011 3371 1063 3425 Rh.
1078 3371 1113 3424 M.
1132 3372 1183 3424 Bd.
1198 3373 1232 3424 38
1246 3373 1347 3442 (1833),
1367 3374 1579 3425 animadvertens

409 3460 615 3513 similitudinem
634 3462 705 3513 inter
724 3459 845 3527 Ps.-Lys.
859 3459 934 3513 1147
954 3465 981 3513 et
999 3459 1085 3514 Isocr.
1097 3459 1199 3514 v117t
1219 3465 1426 3528 argumentatur
1445 3464 1579 3514 auctorem

409 3547 539 3602 Isocratis
550 3550 771 3617 Areopagitioam
783 3551 933 3602 orationem
949 3567 1020 3602 anno
1034 3549 1085 3602 353
1098 3551 1280 3617 conscriptam
1295 3551 1411 3603 fortasse
1423 3551 1577 3617 respexisse.

409 3637 489 3691 Blass
513 3642 617 3691 autem:
641 3639 783 3705 „Attische
807 3639 1030 3692 Beredsamlreit“
1051 3637 1079 3692 1¹
1103 3657 1128 3706 p.
1145 3640 1244 3707 442sq.
1264 3641 1448 3706 comprobans
1466 3637 1577 3692 Theonis

410 3729 510 3793 locum,
529 3727 565 3780 oi.
579 3727 738 3795 Spengel:
758 3728 840 3782 Rhet.
855 3728 952 3781 Graeci
966 3726 998 3781 II
1010 3745 1036 3796 p.
1048 3728 1081 3780 63
1102 3739 1130 3780 et
1148 3746 1164 3781 a
1183 3727 1390 3781 Ps.·Plutarcho
1409 3730 1437 3780 iu
1455 3729 1512 3781 vita
1523 3725 1576 3780 Iso·

410 3815 492 3888 oratis
505 3815 576 3869 sorr
593 3817 702 3884 prolata
720 3818 848 3870 deiendit
866 3817 937 3869 hanc
949 3818 1089 3885 sophistae
1102 3818 1241 3870 cuiusdam
1255 3818 1484 3870 declamationem
1497 3817 1576 3870 videri

409 3905 540 3972 proximis
561 3905 637 3958 an'nis
656 3911 720 3973 post
738 3923 843 3973 pacem,
863 3923 933 3974 quae
953 3907 987 3960 ab
1006 3906 1155 3960 Autalcida
1174 3923 1272 3958 nomen
1293 3907 1383 3960 traxit.
1403 3907 1575 3973 conscriptam

409 4010 478 4046 asse.
510 3991 608 4061 Itaque
626 3993 698 4046 hunc
717 3994 886 4062 epitaphium
904 3996 976 4048 inter
994 3996 1130 4048 orationes
1150 3999 1212 4047 ante
1231 4013 1331 4047 annum
1349 3995 1402 4046 333
1420 3995 1574 4062 compositas

409 4082 527 4136 habebo.
547 4115 581 4123 —
601 4082 781 4136 Demostheni
805 4085 876 4137 falso
895 4085 999 4137 tributa
1017 4085 1115 4150 oratio,
1134 4101 1195 4136 cum
1215 4085 1362 4136 nonnullae
1381 4088 1472 4151 partes
1491 4087 1574 4151 aperte

411 4171 559 4240 Hyperidis
569 4174 710 4225 sententiis
721 4176 865 4226 contextae
875 4172 1028 4239 rideantur,
1039 4172 1073 4225 cl.
1084 4173 1162 4226 Blas
1169 4191 1194 4227 s:
1209 4173 1350 4239 ,Attische
1363 4172 1571 4225 Beredsamlreit“

410 4257 473 4333 111}
489 4279 515 4329 p.
525 4263 632 4330 404sq.,
653 4261 785 4315 Schaefer
797 4263 813 4313 l.
828 4279 850 4315 c.
864 4259 923 4315 111²
936 4279 962 4329 p.
974 4261 1017 4329 36,
1031 4263 1161 4315 videlicet
1175 4262 1210 4315 ad
1222 4263 1374 4329 posteriora
1386 4265 1511 4328 tempora
1521 4277 1571 4328 per·

411 4351 489 4403 tinet.
521 4349 600 4418 Quod
619 4352 711 4404 multis
731 4351 797 4403 locis
817 4369 879 4404 cum
898 4355 991 4404 nostra
1010 4353 1133 4405 oratione
1153 4352 1288 4419 congruit,
1307 4352 1388 4404 liceat
1408 4349 1584 4403 minitrat.

412 4439 597 4491 notationibus
610 4439 661 4492 hos
674 4457 784 4507 quoque
795 4441 870 4493 locos
882 4457 1039 4493 communes
1049 4441 1158 4493 addere.
1183 4438 1217 4493 In
1232 4457 1264 4492 eo
1276 4441 1358 4493 etiam
1369 4443 1410 4493 est
1424 4438 1571 4502 similitudo,

411 4528 486 4595 quod
495 4528 523 4579 in
533 4527 585 4581 hac
595 4529 795 4582 declamatione
804 4529 917 4582 uberior
927 4530 1103 4583 beatitudinis
1113 4530 1281 4598 praedicatio
1292 4529 1430 4582 invenitur
1439 4526 1570 4599 §gaam
