3522 5436
707 598 928 656 ,19-

220 767 436 852 Thucydides
469 771 501 832 in
537 769 809 851 praedicationem
839 774 885 834 rei
914 770 1060 854 publicae
1089 772 1222 839 confert.
1269 770 1403 837 Ceterae

225 877 392 939 orationes
426 874 577 940 funebres
612 876 717 940 adbuc
751 886 973 941 conservatae:
1009 875 1148 961 Gorgiae
1181 879 1403 961 fragmentum,

231 981 376 1046 Platonis
403 982 607 1064 Menexenus,
638 982 822 1067 Ps-Lysiae
852 995 883 1048 et
913 983 1209 1050 Ps.·Demostbenis
1240 987 1403 1069 epitaphii,

222 1109 302 1151 cum
320 1088 399 1151 uihil
416 1091 475 1152 nisi
492 1088 741 1154 declamationes
759 1091 938 1154 rhetoricae
951 1099 1065 1171 esseut,
1077 1089 1194 1155 talibus
1208 1094 1403 1156 ornamentis

221 1197 350 1277 optime
388 1197 434 1258 uti
472 1204 659 1279 potuerunt,
697 1217 778 1278 quac
811 1199 842 1259 iu
876 1199 1054 1261 orationem
1086 1219 1120 1262 re
1153 1218 1228 1262 vera
1260 1197 1403 1262 habitam

228 1311 361 1384 recepta
384 1302 503 1384 frigore
528 1301 690 1367 auditores
716 1302 933 1367 offendissent.
958 1300 1086 1368 —Sed
1110 1305 1173 1366 iam
1199 1303 1239 1367 ad
1264 1306 1403 1388 singulas

221 1417 337 1490 partes
358 1418 495 1474 transeo.

481 1873 529 1954 ll.
559 1871 627 1954 Dc
655 1871 920 1954 Leosthenis
948 1895 1158 1977 persona.

320 2048 392 2112 lam
424 2051 454 2112 iu
489 2051 600 2131 primis
633 2050 790 2131 prooemii
825 2047 927 2111 verbis
962 2047 1083 2130 aliquid
1112 2051 1186 2112 novi
1215 2051 1402 2131 invenimus,

221 2176 304 2218 nam
338 2154 484 2219 omnibus
517 2154 612 2219 rebus
646 2165 756 2218 orator
784 2154 875 2218 ducis
900 2175 1013 2217 nomeu
1038 2157 1208 2238 praeponit
1231 2157 1249 2238 ξ
1273 2160 1305 2219 l:
1338 2163 1403 2220 τῶν

218 2263 334 2343 ,λόγων
356 2269 420 2326 τῶν
442 2263 620 2344 μελλόντων
643 2263 843 2344 ῥηθήσεσθαι
864 2310 870 2322 .
888 2311 894 2323 .
912 2312 918 2325 .
939 2259 1024 2348 [περί
1044 2258 1087 2347 τε]
1113 2262 1325 2334 Λεωσθένους
1347 2269 1402 2327 τοῦ

226 2376 404 2452 στρατηγοῦ
437 2370 490 2432 καί
522 2370 593 2451 περὶ
624 2374 689 2432 τῶν
721 2369 826 2432 ἄλλων
849 2422 856 2436 ,
881 2418 887 2430 .
913 2420 918 2433 .
948 2366 1131 2450 Hyperides
1169 2367 1250 2431 adeo
1288 2367 1401 2432 ducem

227 2473 377 2538 laudibus
402 2475 534 2555 extollit,
559 2483 680 2538 utnon
706 2473 849 2537 dubitem
873 2472 979 2536 dicere
1004 2483 1105 2537 totam
1122 2476 1300 2538 orationem
1317 2475 1401 2538 illius

219 2581 323 2644 laude
357 2583 522 2646 contineri.
574 2579 638 2645 Sed
674 2582 899 2660 examinemus,
933 2600 996 2664 quo
1029 2579 1125 2643 modo
1156 2579 1218 2644 hoc
1245 2580 1310 2645 fiet.
1361 2581 1400 2644 In

227 2690 401 2770 partitione
426 2689 604 2769 argumenti
622 2685 813 2768 Hyperides,
837 2707 909 2749 cum
931 2685 970 2750 de
987 2687 1118 2770 singulis
1135 2686 1239 2751 laudis
1255 2686 1399 2769 partibus

221 2796 303 2876 agit,
328 2792 468 2857 affirmat
492 2793 510 2879 §
536 2797 554 2858 3
580 2792 794 2857 Leosthenom
819 2795 948 2875 propria
973 2793 1067 2856 laude
1092 2793 1222 2875 dignum
1247 2815 1325 2876 esse,
1348 2803 1402 2878 τῆς

218 2925 259 2964 τε
282 2902 342 2983 γὰρ
365 2903 582 2983 προαιρέσεως
605 2900 768 2984 εἰσηγητὴς
789 2908 827 2983 τῇ
849 2900 936 2963 πόλει
955 2901 1083 2982 ἐγένετο,
1102 2901 1157 2963 καί
1175 2908 1229 2984 τῆς
1244 2903 1402 2983 στρατείας

219 3009 359 3090 Ὶἡγεμὼν
374 3015 437 3078 τοῖς
451 3009 588 3078 πολίταις
603 3009 743 3090 κατέστη.
771 3005 948 3087 Postquam
964 3005 1149 3069 brevissime
1166 3005 1205 3070 de
1222 3028 1255 3069 re
1271 3007 1401 3089 publica

221 3123 399 3178 tractatum
425 3123 474 3176 est
498 3113 599 3196 5415,
624 3124 734 3177 orator
757 3114 775 3194 ξ
792 3117 811 3175 6
836 3114 986 3194 proponit
1003 3133 1053 3176 res
1071 3122 1165 3176 antea
1183 3111 1223 3176 ab
1241 3123 1399 3195 aegeatae

220 3219 289 3284 sibi
314 3219 507 3284 omittendas
532 3241 601 3284 esse
625 3217 708 3305 πε[ρί
732 3220 766 3283 δὲ
789 3215 1018 3305 Λεωσθέν]οος
1039 3221 1093 3283 καί
1115 3226 1179 3284 τῶν
1197 3218 1314 3306 ἄ[λλων
1328 3221 1401 3292 τοὺς

217 3324 356 3414 .λόγ]ους
374 3325 569 3414 ποιήσομ[αι.
606 3325 735 3389 Deinde
752 3327 911 3389 nonnullis
927 3328 1092 3389 sententiis
1108 3325 1147 3389 de
1165 3329 1285 3408 origine
1303 3336 1399 3409 atque

226 3433 420 3497 educatione
432 3433 655 3497 defunctorum
670 3431 752 3517 §llll
766 3431 1088 3515 prolatisHyperides
1102 3453 1135 3495 se
1149 3431 1189 3495 ad
1200 3435 1398 3515 propositum

218 3542 386 3604 convertit
410 3550 441 3603 et
464 3542 495 3602 in
517 3542 620 3622 prima
643 3540 709 3602 eius
727 3537 920 3602 laudationis
936 3548 1027 3620 parte
1044 3537 1084 3624 ἕξ
1102 3542 1211 3601 9-14
1227 3541 1398 3622 praecipue

227 3645 419 3710 Leosthenis
432 3646 520 3710 facta
532 3645 710 3728 praedicat:
727 3648 864 3727 ἄρξομαι
881 3647 915 3710 δὲ
929 3652 1057 3725 πρῶτον
1071 3645 1135 3709 ἀπὸ
1149 3653 1203 3710 τοῦ
1217 3653 1398 3730 στρατηγοῦ.

217 3751 309 3816 Cum
342 3754 426 3817 enim
460 3755 578 3835 optime
606 3752 799 3815 intellexerit
826 3752 923 3815 talem
951 3751 1167 3815 laudationem
1197 3754 1333 3816 maxime
1358 3751 1397 3816 ab

227 3880 287 3922 usu
311 3861 471 3923 communi
496 3858 628 3940 digredi,
653 3879 728 3922 mox
751 3858 834 3921 hanc
853 3860 1091 3922 innovationem
1109 3857 1284 3921 defendens
1301 3857 1398 3922 verba

218 3964 381 4029 adnectit:
414 3968 468 4030 καί
497 3967 556 4048 γὰρ
581 3967 710 4046 δίκαιον,
743 3975 776 4029 et
797 3965 892 4047 plane
917 3967 1056 4048 exponit,
1090 3963 1269 4047 quibusda
1294 3967 1397 4029 causis

223 4071 302 4135 duci
339 4075 436 4136 talem
474 4072 600 4136 laudem
640 4070 815 4135 tributurus
849 4075 898 4136 sit.
954 4071 1151 4136 Leosthenes
1185 4073 1268 4134 euim
1302 4070 1321 4156 ξ
1356 4076 1397 4136 10

226 4181 376 4242 miserum
390 4177 546 4244 Graeciae
564 4187 681 4242 statum
691 4177 803 4242 videus
817 4177 1003 4264 [dntldmnev
1017 4179 1127 4243 ἑαυτὸν
1141 4178 1200 4261 μὲν
1214 4187 1252 4261 τῇ
1265 4179 1397 4260 πατρίδι,

215 4284 282 4367 τὴν
315 4286 349 4350 δὲ
380 4287 470 4350 πόλιν
502 4293 566 4356 τοῖς
587 4285 731 4369 Ἕλλησιν
759 4287 802 4356 εἰς
828 4287 884 4368 τὴν
912 4287 1100 4368 ἐλευθερίαν.
1148 4281 1282 4366 Saepius
1311 4283 1397 4366 apud

226 4391 478 4455 Demosthenem
502 4393 636 4455 similem
660 4390 763 4454 leudis
789 4412 917 4455 cansam
941 4393 1118 4455 invenimus
1143 4391 1182 4455 of.
1203 4389 1329 4454 XVIII
1341 4395 1396 4454 88:

187 4507 191 4518 ’
215 4501 269 4569 τίς
302 4497 330 4562 d’
364 4500 382 4563 ὁ
410 4506 447 4582 τῇ
474 4499 562 4562 πόλει
589 4499 690 4581 λέγων
718 4499 771 4562 καί
799 4500 934 4581 γράφων
962 4499 1016 4562 καί
1042 4500 1188 4579 πράττων
1211 4499 1265 4561 καί
1287 4498 1397 4569 ἁπλῶς

1202 4618 1236 4672 2*
