3522 5436
760 544 979 603 ‚24-

373 713 492 782 Girard
502 718 553 784 l.c.
559 739 589 800 p.
597 721 659 782 215
671 715 711 780 de
721 717 776 781 illo
787 719 942 781 orationis
953 718 1024 782 loco
1037 716 1103 802 §15
1112 742 1118 781 :
1128 719 1182 782 nul
1191 720 1301 803 μηδεὶς
1311 720 1457 803 ὑπολάβῃ

280 849 323 906 με
345 829 409 888 τῶν
432 825 538 889 ἄλλων
559 825 697 888 πολιτῶν
719 825 836 906 μεόένα
854 825 948 906 λόγον
970 826 1137 898 ποιεῖσθαι,
1160 821 1261 912 [ἄλλα]
1283 827 1456 909 Λεωσθένη

280 931 382 1014 μόνον
405 932 620 1014 ἐγκωμιάζειν,
644 929 780 994 iudicat:
809 927 1028 1013 „Oependant
1053 929 1209 996 demanda
1230 931 1382 996 l’crateur
1399 952 1459 1015 par

282 1058 325 1102 un
342 1038 489 1120 scrupula
506 1036 757 1118 democratiqne,
780 1037 827 1101 les
848 1046 956 1101 autres
972 1035 1155 1102 Atheniens
1172 1041 1227 1120 qui
1244 1049 1318 1102 sont
1333 1037 1457 1102 tombes

281 1146 373 1219 aussi
394 1165 447 1208 sur
470 1144 499 1208 le
525 1144 639 1225 champ
665 1142 705 1207 de
729 1142 859 1207 bataille
883 1165 922 1207 ne
947 1144 1074 1207 sont-ils
1091 1164 1149 1226 pas
1166 1143 1307 1209 sacrifice
1324 1143 1403 1208 dans
1421 1166 1457 1209 ce

282 1252 498 1334 panegyrique
523 1247 698 1314 exclusif?“
717 1249 848 1314 -Non
870 1271 1000 1332 possum
1017 1251 1199 1333 intelegere,
1224 1251 1344 1334 quade
1361 1272 1458 1315 causa

281 1355 402 1422 Girard
416 1356 499 1420 hano
515 1359 804 1438 praemunitionem
822 1359 930 1438 utique
948 1356 1165 1443 democratica
1182 1380 1199 1422 e
1215 1360 1339 1422 ratione
1350 1369 1457 1422 natam

283 1485 353 1527 esse
381 1464 466 1528 velit.
513 1462 695 1546 Hyperides
729 1484 748 1526 a
780 1464 901 1546 populo
935 1474 1044 1528 orator
1081 1473 1207 1529 creatus
1240 1474 1301 1546 est,
1336 1473 1372 1528 ut
1403 1463 1458 1528 de·

279 1570 419 1652 functos,
451 1569 573 1634 scilicet
597 1590 715 1650 omnes,
744 1571 889 1635 oratione
913 1568 1039 1635 funebri
1062 1570 1273 1655 praedicaret,
1303 1593 1365 1636 non
1388 1573 1457 1654 ipse

279 1697 340 1742 sua
371 1686 484 1760 sponte
517 1677 654 1758 exstitit,
688 1684 723 1740 nt
756 1678 893 1741 amicum
927 1697 1018 1741 suum
1052 1675 1268 1742 Leosthenem
1303 1676 1459 1743 laudaret.

278 1782 311 1846 Ε
336 1803 400 1866 qna
423 1804 457 1846 re
481 1793 571 1865 patet
594 1785 624 1847 ei
648 1804 778 1847 neeesse
802 1783 900 1848 fnisse
930 1784 1027 1847 etiam
1055 1783 1096 1848 de
1119 1785 1190 1848 aliis
1215 1783 1337 1849 civibus
1361 1783 1458 1848 verba

278 1889 399 1955 iacere.
431 1890 548 1973 Itaque
574 1888 672 1970 ducis,
696 1892 786 1954 onius
808 1889 898 1954 iacta
913 1892 1054 1954 maxima
1072 1899 1154 1973 sunt,
1177 1891 1303 1955 laudem
1323 1893 1459 1974 primum

279 1997 413 2080 profert,
447 1995 563 2061 deinde
596 1996 639 2060 ad
665 1995 795 2061 landem
822 1996 959 2061 militum
987 1999 1109 2076 transit,
1143 2000 1262 2082 optime
1290 2008 1460 2080 utramque

279 2103 502 2168 laudationem
529 2105 702 2186 coniungit,
731 2123 803 2168 cum
831 2101 974 2168 declarat
1002 2102 1117 2168 ducem
1145 2107 1213 2168 sine
1236 2103 1390 2169 militibus
1415 2105 1460 2169 nil

282 2209 435 2292 perficere
451 2231 546 2294 posse
563 2231 668 2292 neque
685 2209 820 2292 gloriam
836 2231 875 2273 ac
892 2209 1020 2274 laudem
1038 2213 1212 2293 acquirere,
1230 2232 1292 2294 qna
1309 2211 1348 2276 de
1362 2232 1460 2275 causa

280 2319 314 2380 in
339 2316 430 2381 ducis
453 2316 548 2381 laude
573 2319 669 2381 etiam
693 2317 831 2380 militum
847 2317 975 2381 laudem
991 2318 1175 2382 conclusam
1191 2339 1271 2384 esse.
1310 2315 1346 2382 Si
1361 2318 1460 2382 talem

281 2426 424 2487 omnium
448 2426 564 2487 civium
589 2425 767 2488 occisorum
793 2423 920 2487 landem
950 2444 1014 2489 non
1038 2425 1233 2507 protulisset,
1261 2428 1459 2508 propinquos

281 2539 480 2594 mortuorum
497 2541 582 2594 certe
599 2533 740 2614 graviter
756 2529 950 2594 offendisset.
986 2531 1034 2594 aa
1052 2530 1091 2596 de
1109 2553 1142 2594 re
1159 2552 1313 2614 persaepe
1323 2533 1458 2595 militnm

279 2636 555 2719 praedicationem
580 2637 667 2700 laudi
691 2635 780 2700 ducis
805 2635 956 2718 adnectit,
981 2659 997 2701 e
1023 2659 1086 2721 quo
1104 2648 1193 2722 patet
1210 2649 1368 2703 oratorem
1386 2659 1458 2721 pro-

282 2744 484 2827 positionem,
507 2743 547 2807 cl.
565 2743 583 2830 ᾗ
602 2748 630 2825 6,
655 2745 759 2825 sequi:
786 2741 870 2830 πε[ρὶ
894 2745 928 2808 δὲ
944 2743 1170 2831 Λεωσθὲν]ους
1189 2747 1243 2810 καὶ
1258 2752 1322 2810 τῶν
1338 2746 1459 2828 ἄ[λλων

279 2850 355 2922 τοὺς
385 2847 513 2938 λόγ]ους
543 2848 737 2936 ποιήσομ[αι.
793 2846 1084 2915 Animadversione
1118 2851 1249 2934 dignum
1282 2863 1339 2932 est,
1372 2850 1458 2934 quod

280 2957 398 3022 milites
424 2956 535 3021 crebro
559 2978 654 3021 voce:
689 2960 719 3022 oi
742 2959 831 3022 ἄλλοι
855 2959 1065 3040 appellantur,
1098 2959 1138 3023 cf.
1160 2957 1199 3043 ἐξ
1226 2964 1252 3038 1,
1282 2965 1310 3038 6,
1338 2963 1377 3022 15
1402 2968 1458 3021 ter.

532 3509 599 3590 lll.
629 3507 697 3590 Dc
725 3509 914 3590 militum
942 3509 1212 3592 laudatione.

375 3701 547 3784 Laudatio,
581 3725 645 3785 qua
679 3705 776 3768 ceteri
811 3705 928 3768 milites
961 3713 1128 3786 ornantur,
1167 3706 1318 3788 incipitur
1350 3708 1456 3769 statim

280 3811 393 3892 primis
427 3810 581 3892 epitaphii
613 3809 728 3891 verbis,
762 3808 878 3892 quibus
912 3820 1021 3875 orator
1049 3809 1189 3876 affirmat
1216 3832 1379 3894 nunquam
1407 3832 1458 3876 res

281 3916 433 3980 clariores
458 3917 582 3979 virosve
605 3916 755 3980 fortiores
779 3918 864 3981 visos
889 3937 966 3982 esse.
1006 3916 1100 3981 Haec
1116 3918 1218 3982 altera
1241 3919 1457 4000 superlatione

282 4021 302 4107 ξ
328 4029 346 4086 2
371 4031 536 4104 augentur,
565 4043 637 4086 cum
662 4031 770 4088 orator
793 4035 957 4088 asseverat
981 4022 1204 4088 difficillimum
1229 4045 1298 4089 esse
1322 4045 1457 4108 aequam

282 4128 401 4193 talibus
424 4129 519 4192 iactis
543 4128 671 4194 laudem
695 4128 800 4194 verbis
819 4132 1040 4213 pronuntiare;
1065 4145 1128 4213 quo
1145 4130 1232 4195 dioto
1249 4133 1345 4195 etiam
1362 4131 1455 4196 bane·

282 4236 454 4299 volentiam
479 4233 661 4299 auditorum
686 4244 816 4318 captare
834 4246 977 4301 conatur.
1010 4236 1117 4302 Huius
1136 4237 1224 4302 modi
1242 4237 1456 4302 dubitationes

284 4362 485 4425 nequaquam
502 4363 595 4406 rarae
612 4352 694 4423 sunt,
719 4344 844 4407 etiamsi
863 4343 1024 4408 interdum
1040 4344 1111 4408 aliis
1128 4346 1232 4408 causis
1250 4345 1456 4427 explicantur.

282 4447 488 4531 Thucydides
518 4448 621 4514 1135
657 4448 771 4513 Pericli
805 4449 917 4513 tribuit
944 4449 1056 4514 verba:
1169 4452 1214 4536 μὴ
1239 4453 1273 4516 ἐν
1295 4453 1339 4516 ἑνὶ
1368 4453 1458 4534 ἀνδρὶ
