3522 5436
739 578 961 638 ..31-

260 755 399 836 μέγισιοι
423 755 602 825 συνέπεσον,
632 755 689 823 οὓς
716 754 856 822 ἅπαντας
882 752 941 834 μὲν
970 750 1042 815 οὐθ’
1069 753 1169 834 εὑρεῖν
1193 749 1257 815 οὐτ’
1282 753 1376 815 εἰπεῖν
1399 754 1439 815 ἂν

263 860 440 942 δυνηθείην,
459 859 547 922 -Ε
571 857 685 942 quibus
709 859 788 922 locis
814 858 971 921 concludo
996 868 1098 939 notas,
1122 856 1237 941 quibus
1254 857 1437 940 Hyperides

262 964 305 1028 ad
327 966 470 1048 pericula
494 964 697 1047 depingenda
715 967 823 1045 utitur,
846 967 993 1047 proprias
1014 974 1045 1028 et
1065 964 1195 1028 erebus
1216 986 1318 1047 nuper
1340 966 1437 1046 gestis
1525 1007 1528 1012 -

263 1082 405 1155 sumptas
423 1093 502 1150 esse,
519 1093 713 1155 quamquam
730 1072 784 1135 alii
798 1092 927 1154 quoque
942 1072 1085 1154 pericula
1098 1082 1248 1153 superata
1261 1079 1438 1154 exponunt3

263 1200 337 1242 nam
360 1181 468 1242 omnia
491 1178 579 1242 facta
602 1178 756 1242 historica
779 1180 962 1261 respiciunt.
1008 1177 1118 1241 Nihilo
1148 1180 1250 1241 minus
1280 1178 1367 1247 huic,
1382 1176 1437 1241 de·

263 1287 428 1367 scriptioni
453 1288 549 1349 etiam
573 1285 752 1349 rhetoricae
778 1294 872 1348 notae
895 1285 1127 1366 immiscentur,
1152 1305 1233 1367 quae
1256 1286 1288 1348 in
1312 1283 1437 1366 frigidis

263 1391 533 1474 superlationibus
558 1401 722 1476 apparent,
747 1392 787 1457 cf.
804 1390 844 1476 ἐξ
867 1395 916 1472 19,
937 1395 987 1472 22,
1009 1396 1059 1456 23.

353 1496 529 1579 Sententia,
558 1485 621 1582 quel
649 1497 736 1562 facta
766 1497 925 1580 quaedam
954 1500 1019 1561 sive
1044 1519 1094 1562 res
1118 1500 1256 1562 maiores
1281 1498 1437 1575 dicuntur,

263 1625 358 1686 quarn
382 1618 419 1668 ut
441 1605 545 1670 verbis
570 1608 700 1689 aequari
728 1607 853 1687 possint
877 1605 895 1690 ξ
922 1609 971 1685 23,
1001 1607 1097 1668 etiarn
1121 1607 1241 1688 passim
1269 1607 1437 1688 invenitur,

262 1711 302 1775 cf.
325 1711 414 1775 Deru.
432 1711 707 1794 V111,V11162
732 1711 781 1796 (X
793 1713 863 1795 64):
897 1713 965 1776 οὐδ’
995 1715 1034 1776 ἂν
1063 1714 1157 1776 εἰπεῖν
1188 1711 1304 1776 δύναιτ’
1334 1713 1437 1784 οὐδείς

261 1819 329 1882 ὅσα.
368 1817 461 1882 XIX
472 1823 523 1884 65.
562 1818 662 1884 Isoor.
682 1818 733 1881 IV
744 1822 801 1882 82:
842 1821 922 1883 ὥστε
954 1820 1076 1902 μηδένα
1104 1821 1233 1884 πώποτε
1261 1821 1438 1902 δυνηθῆναι

260 1927 331 2007 περὶ
359 1928 466 1990 αὐτῶν
492 1929 571 2009 μήτε
602 1933 667 1990 τῶν
693 1933 834 2009 ποιητῶν
860 1929 939 2009 μήτε
966 1932 1030 1990 τῶν
1059 1932 1217 2009 σοφιστῶν
1245 1928 1343 2001 ἀξίως
1373 1932 1438 1990 τῶν

261 2033 390 2103 ἐκείνοις
413 2036 647 2115 πεπραγμένων
670 2035 772 2096 εἰπεῖν.

350 2139 413 2202 His
433 2139 659 2203 exclamationi
679 2139 835 2203 similibus
855 2138 959 2203 verbis
982 2141 1083 2222 prima
1107 2161 1181 2222 pars
1206 2141 1350 2220 encomii,
1374 2142 1393 2202 i.
1411 2161 1437 2204 e.

262 2248 391 2328 propria
406 2245 551 2310 laudatio
568 2246 778 2311 concluditur.
818 2244 853 2310 Si
869 2247 952 2309 hano
968 2255 1093 2328 partem
1110 2267 1182 2309 oum
1198 2245 1436 2310 laudationibus

262 2373 282 2414 a
305 2355 419 2416 ceteris
445 2355 626 2417 orationum
644 2338 827 2416 funebrium
847 2351 1031 2418 auctoribus
1051 2353 1184 2435 prolatis
1205 2374 1436 2435 comparamus,

262 2458 439 2523 concedere
479 2463 622 2542 cogimur
661 2458 778 2542 ubique
820 2459 973 2522 traditam
1013 2459 1152 2522 formam
1190 2457 1230 2522 ab
1272 2458 1437 2541 Hyperide

262 2576 420 2629 servatam
449 2569 647 2649 usitatasque
676 2568 850 2630 sententias
881 2587 1038 2649 nusquam
1066 2568 1209 2646 omissas,
1243 2565 1301 2629 sed
1329 2575 1437 2629 tamen

197 2659 201 2666 ⁴
263 2673 334 2753 alio,
358 2676 489 2756 proprio
513 2675 641 2755 ingenio
664 2674 811 2757 perfusas
836 2693 914 2738 esse.
958 2673 1009 2738 De
1034 2675 1164 2754 origine,
1189 2671 1229 2735 de
1253 2671 1436 2755 maioribus,

262 2777 301 2842 de
318 2800 352 2842 re
370 2778 506 2861 publica,
524 2780 562 2844 de
580 2779 770 2844 educatione
783 2780 920 2863 denique
934 2781 1036 2844 solum
1048 2800 1210 2862 perpauca
1222 2779 1436 2861 proferuntur,

263 2884 377 2966 quibus
402 2885 587 2950 brevissime
615 2889 793 2970 perstrictis
822 2897 935 2951 auctor
962 2885 1004 2949 ad
1033 2887 1121 2968 ipsos
1147 2885 1317 2949 defunctos
1341 2885 1436 2949 lande

263 2992 423 3056 ornandos
449 2992 622 3059 contendit.
670 2991 782 3058 Omnis
808 2993 950 3056 laudatio
975 2991 1009 3055 id
1033 2992 1148 3074 studet,
1173 3001 1208 3055 nt
1230 2995 1380 3056 virtutem
1405 3002 1437 3055 et

203 3105 212 3115 “
261 3119 312 3161 res
346 3120 403 3181 pro
436 3101 542 3182 patria
573 3110 679 3181 gestas
713 3099 924 3180 demonstret,
962 3120 1045 3182 quae
1082 3100 1177 3163 factis
1211 3098 1436 3164 defunctorum

261 3206 469 3270 illustrantur.
523 3205 611 3269 Laus
638 3208 677 3269 iis
708 3218 849 3288 augetur,
882 3228 964 3288 quae
997 3227 1016 3270 a
1045 3203 1183 3271 Graecia
1214 3205 1437 3288 prohibuerint

263 3333 408 3395 quaeque
433 3314 494 3394 ipsi
512 3315 655 3396 perpessi
675 3315 750 3376 sint:
775 3312 936 3376 cotidiana
957 3313 1087 3395 proelia,
1110 3313 1284 3395 permultas
1304 3333 1436 3396 pugnas,

262 3418 362 3500 frigus
390 3421 603 3502 inopiamque.
659 3419 750 3483 Loca
777 3441 954 3502 pugnarum
984 3419 1026 3482 ad
1054 3418 1182 3484 laudem
1210 3419 1436 3503 proferendam

263 3528 480 3608 nominantur,
523 3525 701 3590 affirmatur
740 3526 877 3609 denique
917 3527 1019 3590 nullos
1058 3526 1202 3590 homines
1240 3547 1299 3608 pro
1341 3525 1435 3590 rebus

262 3631 497 3714 pulchrioribus
511 3632 712 3697 dimicavisse
728 3655 822 3717 quam
835 3634 907 3697 illos
922 3630 1079 3698 Graeciae
1091 3631 1281 3713 libertatem,
1295 3633 1435 3696 Athenis

262 3737 415 3801 honorem
439 3738 639 3820 praebentes.

352 3843 504 3927 Sequitur
531 3848 631 3910 altera
657 3867 732 3929 pars
762 3849 899 3910 encomii
926 3882 964 3893 -
993 3845 1199 3910 beatitudinis
1227 3846 1436 3928 praedicatio.

262 3949 379 4015 Nonne
407 3950 494 4016 beati
521 3952 693 4034 iudicandi,
722 3955 776 4036 qui
802 3951 939 4018 libenter
962 3954 1167 4036 (προθύμως)
1192 3952 1306 4016 ducem
1335 3955 1435 4018 secuti

263 4056 359 4122 sunt?
398 4059 494 4122 Hanc
509 4071 691 4144 promptam
708 4059 875 4124 audaciam
894 4062 989 4124 etiam
1009 4060 1063 4123 alii
1080 4059 1174 4123 laude
1191 4059 1370 4142 dignantur,
1395 4060 1435 4127 cf.

263 4162 363 4228 'l’huc
378 4165 463 4231 174:
487 4168 555 4249 τρία
573 4167 610 4230 τὰ
631 4168 862 4251 ὠφελιμώτατα
881 4170 924 4238 είς
942 4167 1019 4231 αὐτὸ
1037 4167 1275 4250 παρεσχόμεθα,
1296 4169 1435 4250 ἀριθμόν

262 4295 294 4334 τε
311 4278 393 4336 νεῶν
411 4274 552 4337 πλεῖστον
570 4275 624 4337 καί
640 4275 741 4357 ἄνδρα
761 4274 933 4357 στρατηγὸν
952 4276 1163 4348 ξυνειώταισν
1178 4275 1231 4337 καί
1249 4275 1436 4357 προθυμίαν

263 4378 455 4462 ἀοκνστάτην
471 4430 477 4442 .
495 4430 526 4443 ..
549 4382 735 4463 προθυμίαν
759 4381 793 4444 δὲ
820 4381 873 4444 καί
900 4380 982 4445 πολὺ
1010 4381 1243 4464 τσλμηρσιάτην
1267 4382 1434 4464 ἐδείξαμεν.

262 4483 356 4548 Dem.
367 4484 495 4549 XVIII
507 4490 584 4550 216:
601 4488 685 4569 ὑμᾶς
700 4487 814 4559 αὐτοὺς
824 4538 830 4550 .
842 4536 866 4551 ..
882 4484 1088 4570 θαυμαστοὺςΙ
1103 4487 1236 4560 ἐδείξατε
1251 4494 1296 4571 τῷ
1311 4489 1435 4571 κόσμῳ,
