3522 5436
725 605 946 665 „33-

251 775 430 841 libertatem
442 775 599 843 Graeciae
615 775 892 842 confirmaverunt.
916 775 1026 842 Alium
1039 779 1154 860 locum,
1167 799 1230 860 quo
1241 778 1423 861 proferatur

250 886 334 948 viros
359 887 475 948 virtute
495 887 651 967 praestita
666 885 777 948 felices
792 883 870 966 fieri,
896 887 1020 948 etiamsi
1037 893 1171 948 mortem
1188 883 1334 964 obierint,
1358 906 1419 948 non

251 990 367 1069 habeo;
390 991 589 1074 frequentius
607 1000 714 1054 autem
735 991 974 1055 demonstratur
995 1012 1056 1054 non
1079 993 1188 1074 utique
1209 994 1307 1054 vitam
1327 993 1420 1055 mort'

249 1096 494 1178 praeferendam
524 1118 606 1179 esse,
637 1098 676 1164 ci.
698 1098 789 1161 Dem.
804 1097 840 1160 II
862 1102 911 1178 16,
936 1097 1064 1161 XVIII
1075 1101 1153 1161 205:
1178 1149 1185 1164 .
1206 1146 1212 1161 .
1234 1148 1241 1162 .
1262 1099 1338 1162 οὐδὲ
1366 1101 1423 1181 ζῆν

250 1206 367 1286 ἠξίουν,
392 1207 419 1268 εἰ
438 1205 483 1287 μή
508 1203 574 1287 μετ’
599 1206 779 1286 ἐλευθερίας
799 1207 917 1278 ἐξέσται
940 1211 1032 1268 τοῦτο
1054 1211 1160 1268 ποιεῖν,
1191 1202 1268 1267 ibid.
1285 1206 1303 1268 ὁ
1320 1205 1423 1269 δὲκαὶ

249 1318 286 1394 τῇ
309 1312 441 1392 πατρίδι,
465 1312 546 1394 ύττὲρ
568 1317 623 1375 τού
646 1311 691 1393 μὴ
712 1314 827 1395 ταύτην
848 1312 963 1375 ἐπιδεῖν
980 1312 1423 1394 δουλεύουσανάποθνήσκειν

251 1418 401 1500 ἐθελήσει,
429 1419 483 1482 καὶ
510 1420 736 1500 φοβερωτέρας
763 1420 909 1501 ἡγήσεται
932 1418 987 1488 τὰς
1009 1419 1116 1500 ὕβρεις
1140 1417 1270 1488 καὶτὰς
1293 1419 1422 1500 ἀτιμίας,

250 1527 287 1594 ἃς
310 1527 343 1588 ἐν
367 1526 560 1607 δουλευούσῃ
584 1532 622 1607 τῇ
645 1525 731 1588 πόλει
755 1528 862 1608 φέρειν
881 1526 1012 1608 ἀνάγκη,
1036 1531 1091 1588 τού
1114 1525 1264 1588 θανάτου.
1288 1522 1422 1587 ΧΧ82.

250 1629 332 1693 Plat.
349 1630 445 1713 Apol.
464 1634 505 1696 38
513 1652 538 1694 e.
585 1630 685 1694 Isoor.
702 1630 752 1693 IV
764 1636 816 1711 83,
833 1628 1072 1715 95,V1108s9,
1096 1628 1151 1693 IX
1163 1634 1190 1696 3.

339 1737 433 1800 Multi
449 1747 592 1801 oratores
610 1737 831 1801 demonstrant
846 1736 1026 1800 laudandos
1044 1735 1084 1800 de
1096 1735 1244 1800 libertate
1257 1739 1423 1800 universae

250 1840 407 1908 Graeciae
436 1847 567 1908 meritos
592 1865 660 1908 esse
686 1843 704 1930 ξ
729 1850 781 1908 24.
820 1844 859 1909 ci.
881 1843 1023 1927 Ps.-Lys.
1045 1844 1149 1906 1144:
1183 1852 1221 1926 τῇ
1244 1845 1306 1926 ἰδίᾳ
1329 1845 1424 1926 ἀρετῇ

250 1951 359 2033 κοινὴν
377 1952 433 2034 τὴν
453 1952 634 2032 ἐλευθερίαν
653 1953 706 2015 καὶ
729 1958 792 2021 τοῖς
815 1952 918 2022 ἄλλοις
941 1953 1119 2033 ἐκτήσαντο.
1151 1948 1227 2016 ibid.
1243 1955 1295 2030 47,
1313 1949 1423 2034 55s56.

250 2054 326 2139 Lyc.
347 2055 461 2122 Leocr.
483 2062 533 2138 50,
557 2061 634 2121 104:
667 2064 730 2128 τοῖς
757 2059 846 2128 ι’δίοις
873 2058 1030 2128 κινδύνοις
1057 2057 1168 2140 κοινὴν
1197 2057 1304 2121 ἄδειαν
1327 2059 1423 2120 ἅπασι

249 2172 312 2234 τοῖς
322 2164 449 2247 Ἕλλησι
469 2166 632 2246 κτώμενοι.
665 2161 764 2228 Cuius
780 2167 828 2228 rei
844 2165 935 2246 plura
953 2163 1100 2246 exempla
1115 2163 1155 2229 cf.
1171 2162 1256 2226 inira
1271 2185 1301 2245 p.
1312 2163 1422 2246 41s4a.

250 2270 409 2354 Hyperidi
433 2269 576 2335 laudatio
599 2269 797 2335 fortitudinis
822 2273 979 2333 nonsatis
997 2279 1052 2350 est,
1078 2269 1134 2332 sed
1152 2268 1291 2333 affirmat
1307 2269 1422 2332 milites

250 2386 381 2460 propter
413 2377 493 2441 haec
526 2377 615 2440 iacta
644 2377 768 2460 (ἀρετῆς
795 2377 965 2460 ἀπόδειξις)
995 2375 1107 2440 beatos
1136 2397 1215 2458 esse,
1247 2379 1335 2459 φέρει
1363 2376 1423 2458 γὰρ

250 2485 343 2548 οὐδὲν
366 2485 568 2566 εὐδαιμονίαν
592 2486 666 2548 ἄνευ
689 2491 743 2566 τῆς
766 2485 964 2566 αύτονομίας.

339 2590 379 2654 In
403 2591 464 2653 hac
487 2599 578 2672 parte
600 2589 806 2654 beatitudinis
828 2589 1077 2673 praedicationis
1094 2589 1238 2654 ridemus
1256 2592 1424 2655 nonnullas

250 2698 385 2760 usitatas
410 2699 592 2778 sententias,
618 2718 689 2760 nam
715 2699 819 2778 agitur
843 2697 882 2759 de
908 2717 1069 2778 nunquam
1094 2699 1274 2760 senescenti
1298 2700 1362 2761 sive
1383 2697 1423 2762 de

250 2815 381 2867 aeterna
408 2803 504 2884 fama,
535 2803 574 2867 de
603 2805 691 2867 clara
713 2812 824 2885 morte,
854 2802 893 2867 de
919 2806 1034 2865 virtute
1059 2823 1116 2885 pro
1141 2805 1246 2885 patria
1269 2803 1423 2886 praebita.

250 2909 432 2993 Hyperides
448 2909 498 2973 his
515 2912 681 2974 sententiis
699 2919 939 2991 argumentatur
952 2908 1120 2973 defunctos
1133 2909 1243 2972 felices
1258 2909 1422 2975 habendos

251 3038 320 3080 esse
349 3026 445 3098 atque
473 3015 568 3079 laude
592 3016 713 3080 liberae
738 3018 784 3080 rei
807 3015 955 3099 publicae
979 3014 1119 3080 breviter
1142 3029 1273 3097 peracta
1297 3018 1423 3080 accedit

251 3123 293 3185 ad
329 3121 415 3186 bona
451 3121 674 3206 superstitibus
708 3144 726 3186 a
758 3125 892 3187 mortuis
926 3122 1054 3186 donata.
1109 3120 1194 3186 Nam
1228 3143 1261 3186 re
1293 3113 1436 3205 publica¹

251 3228 433 3294 collaudata
456 3228 620 3293 concludit
641 3229 659 3314 ξ
678 3232 719 3294 26
737 3228 776 3293 de
801 3250 838 3292 ea
863 3228 1020 3292 servanda
1040 3227 1207 3292 defunctos
1224 3230 1422 3312 periclitatos

250 3358 328 3401 esse.
353 3335 393 3400 cf.
404 3335 504 3401 Thuo.
520 3336 619 3417 1141,
637 3340 670 3399 5:
687 3338 758 3418 περὶ
773 3338 917 3420 τοιαύτης
932 3335 990 3400 σύν
1005 3336 1128 3406 πόλεως
1144 3337 1209 3400 οἵδε
1224 3317 1423 3419 τειγενναίως

250 3444 441 3514 δικαιοῦντες
462 3444 507 3526 μή
532 3443 746 3526 ἀφαιρεθῆναι
762 3445 858 3526 αύτὴν
873 3444 1049 3526 μαχόμενοι
1065 3444 1270 3526 ἐτελεύτησαν.
1303 3443 1420 3527 Itaque

248 3552 294 3612 rei
332 3547 478 3632 publicae
516 3559 634 3612 statum
673 3548 894 3613 stabiliverunt
930 3558 962 3612 et
1000 3551 1064 3612 suis
1101 3548 1265 3613 laboribus
1298 3549 1420 3614 civibus

250 3655 460 3739 omnibusque
485 3652 620 3721 Graecis
645 3659 848 3720 securitatem
872 3663 1066 3738 paraverunt
1089 3654 1181 3741 §ibz
1206 3657 1280 3727 τοὺς
1302 3659 1345 3728 εἰς
1366 3658 1423 3721 τὸν

249 3765 369 3827 ἅπαντα
381 3765 497 3846 χρόνον
509 3765 634 3846 φόβους
642 3769 706 3826 τῶν
715 3765 851 3827 πολιτῶν
861 3764 914 3826 καὶ
923 3762 1150 3846 τῶνἙλλήνων
1164 3765 1420 3846 παραιρούμενοι,

250 3869 289 3932 of.
303 3868 385 3932 Plat.
403 3869 527 3934 Menex.
545 3868 649 3934 241b:
668 3871 722 3933 τδν
738 3871 889 3952 ἐχόμενον
905 3871 1009 3952 φόβον
1026 3870 1171 3934 διέλυσαν
1186 3876 1250 3934 τῶν
1262 3870 1421 3953 Ἑλλήνων

248 3977 301 4039 καὶ
324 3979 464 4041 ἔπαυσαν
487 3979 717 4059 φοβουμένους.

337 4083 441 4146 Morte
466 4103 524 4146 sua
548 4085 661 4146 ceteris
685 4082 812 4146 felicem
836 4085 934 4145 vitam
957 4081 1175 4164 praebuerunt
1196 4084 1215 4164 ξ
1233 4086 1286 4145 26;
1310 4083 1344 4147 τὸ
1362 4087 1420 4166 ζῆν

249 4190 416 4272 ἀνήλωσαν
439 4192 482 4260 εἰς
501 4189 536 4253 τὸ
551 4190 624 4260 τοὺς
640 4190 753 4260 ἄλλους
772 4189 881 4259 καλῶς
902 4192 958 4271 ζῆν
965 4191 985 4250 ².
1019 4188 1059 4254 cf.
1075 4187 1158 4252 Plat.
1174 4187 1298 4251 Menex.
1317 4194 1419 4252 237ae

248 4298 279 4358 οἶ
288 4299 402 4369 ζῶντές
416 4322 447 4360 τε
462 4297 534 4367 τοὺς
550 4298 671 4361 ἑαυτῶν
687 4298 859 4378 εύφραινον
876 4295 913 4358 δι’
932 4297 1052 4378 ἀρετήν,
1062 4296 1116 4359 καὶ
1130 4295 1186 4378 τὴν
1201 4296 1341 4379 τελευτὴν
1353 4297 1419 4360 ἀντὶ

294 4460 296 4464 “
338 4457 348 4486 ¹
372 4455 406 4507 ci.
429 4454 498 4506 Plat.
522 4452 588 4506 crit.
607 4454 679 4507 48b:
709 4453 741 4507 ού
764 4451 797 4507 τὸ
822 4459 877 4524 ζῆν
900 4456 964 4526 περὶ
987 4456 1113 4507 πλείστου
1136 4454 1277 4525 ποιητέον,
1297 4451 1363 4507 ἀλλὰ
1383 4451 1417 4508 τδ

249 4535 286 4597 ei
304 4549 366 4615 rra

301 4649 397 4693 Schlan.
1223 4630 1239 4683 3
