3522 5436
844 617 1066 678 ..33-

371 789 412 853 de
436 788 588 854 militibus
611 791 705 872 plura
728 789 816 854 dieta
839 811 1021 874 essequam
1038 793 1070 855 in
1087 789 1233 856 Platonis
1249 790 1428 856 Menexeuo
1445 799 1551 873 atque

370 894 556 979 Ps-Lystae
580 897 753 980 epitaphio.
799 895 874 978 Hic,
901 899 991 961 utin
1016 896 1214 982 Thucydidis
1237 895 1356 962 Pericli
1379 896 1551 980 adscripta

370 1005 525 1080 oratione,
557 1013 761 1086 exponuntur
787 1023 902 1085 mores,
935 1005 1078 1085 virtutes,
1101 1025 1152 1068 res
1175 1013 1284 1086 gestae
1309 1003 1550 1082 defunctorum,

371 1118 406 1174 ut
437 1110 706 1175 declamationum
738 1113 881 1174 inanium
912 1111 985 1175 loco
1014 1132 1078 1180 uon
1106 1109 1341 1192 verbosulum,
1374 1109 1551 1174 sedfacta

371 1214 498 1283 habeas.
536 1215 612 1280 Hoc
635 1219 667 1281 in
692 1217 856 1300 epitaphio
880 1239 914 1282 re
938 1237 1013 1282 vera
1035 1219 1244 1301 pronuntiato
1263 1218 1357 1282 aliter
1372 1216 1441 1281 heri
1456 1215 1550 1280 haud

370 1333 505 1406 poterat.
551 1322 722 1406 Propriuln
751 1323 868 1389 deiude
895 1335 953 1406 est,
986 1326 1012 1388 si
1036 1323 1119 1388 hanc
1143 1327 1322 1389 orationem
1346 1322 1549 1407 Thucydidis

371 1429 534 1513 epitaphio
568 1431 767 1513 opponimus,
799 1451 864 1514 qno
896 1450 948 1495 res
981 1429 1111 1514 pnbhca
1139 1451 1263 1495 summa
1289 1430 1395 1510 laude,
1427 1428 1549 1494 deinde

372 1538 487 1601 milites
512 1547 673 1619 emantur,
697 1535 784 1621 quod
808 1559 912 1622 neque
935 1537 1140 1621 respublica
1163 1559 1266 1620 neque
1290 1540 1406 1602 civium
1429 1555 1549 1617 mores,

372 1643 429 1708 sed
456 1645 573 1708 mortui
599 1645 662 1728 ipsi
689 1646 793 1727 primo
821 1645 893 1708 loeo
922 1644 1158 1728 praedicantur.
1204 1641 1297 1727 Quae
1321 1645 1488 1708 diversitas
1512 1652 1549 1706 et

372 1753 498 1833 ingenio
529 1752 694 1834 utriusqus
723 1753 859 1815 oratoris
883 1763 915 1815 et
937 1753 1072 1831 ratione,
1099 1772 1164 1835 qua
1186 1753 1220 1814 in
1245 1753 1373 1815 civitate
1397 1749 1548 1832 agebant,

373 1859 524 1940 explicari
547 1867 662 1940 potest.
706 1855 779 1922 Non
805 1856 926 1939 dubito,
950 1861 1027 1941 quin
1052 1857 1233 1941 Hyperides
1256 1861 1433 1922 orationem
1453 1857 1547 1920 inne·

373 1963 460 2027 brem
493 1967 593 2046 magis
626 1985 722 2047 quam
746 1962 951 2047 Thucydides
980 1964 1020 2028 ad
1045 1967 1182 2048 primum
1208 1986 1332 2047 munus,
1366 1985 1467 2047 nuper
1489 1961 1546 2026 de·

371 2070 554 2134 functorum
569 2070 706 2152 laudem,
722 2069 891 2154 redegerit,
908 2092 982 2135 nam
999 2083 1106 2136 cetera
1122 2074 1230 2136 omnia
1243 2075 1272 2136 ei
1287 2073 1347 2136 hac
1359 2069 1547 2134 laudatione

372 2199 422 2241 res
455 2181 594 2241 minores
627 2189 709 2244 sunt.
754 2175 849 2242 Nora
873 2188 922 2242 est
945 2179 1081 2261 amphor
1105 2177 1313 2242 beatitudiuis
1337 2177 1547 2261 praedicatio,

373 2305 464 2367 quae,
493 2305 565 2348 cum
590 2284 810 2348 communibus
834 2287 1000 2349 sententiis
1025 2296 1141 2367 utatur,
1169 2307 1209 2348 ex
1231 2285 1281 2349 his
1304 2287 1396 2369 ipsis:
1429 2287 1547 2347 virtute

373 2393 537 2474 praestita,
554 2403 684 2454 aeterna
700 2390 788 2457 fama
804 2400 946 2473 accepta,
963 2390 1126 2456 beneficiis
1142 2390 1366 2474 superstitibus
1383 2388 1547 2474 praebitis,

373 2497 549 2562 honoribus
582 2499 695 2562 merito
729 2499 768 2562 iis
801 2496 993 2580 tribuendis,
1030 2497 1169 2580 denique
1202 2520 1219 2562 e
1252 2495 1547 2580 comparationibus

374 2603 598 2668 defunctorum
617 2624 688 2667 eum
705 2602 855 2668 heroibus
868 2607 1011 2688 priorum
1023 2615 1210 2688 temporum,
1221 2604 1420 2669 demonstrat
1433 2603 1548 2667 ducem

374 2712 554 2793 militesque
586 2721 653 2774 tam
685 2712 770 2775 clare
802 2720 946 2776 mortuos
979 2714 1046 2776 sine
1079 2710 1177 2776 dubio
1210 2710 1322 2776 beatos
1351 2731 1429 2775 esse.
1480 2707 1548 2774 Sed

374 2819 499 2900 longius
532 2837 659 2899 quoque
692 2827 802 2882 orator
833 2816 992 2900 procedit,
1030 2839 1102 2882 cum
1134 2817 1274 2883 affirmat
1306 2827 1449 2883 mortuos
1482 2836 1547 2879 uon

374 2927 509 3007 perisse,
546 2923 603 2988 sed
635 2926 668 2987 iu
701 2924 864 2989 meliorem
898 2933 1015 2988 statum
1048 2927 1324 3007 manamigravisse
1356 2925 1407 2988 vel
1438 2925 1547 3006 potius

374 3040 503 3094 renatos
528 3051 605 3096 esse.
645 3028 911 3113 Comparationes
936 3052 1007 3095 cnm
1028 3030 1178 3097 heroibus
1194 3034 1262 3096 inre
1279 3033 1426 3096 existimo
1442 3027 1547 3093 laudis

374 3137 510 3201 militurn
532 3147 657 3219 partem
681 3137 801 3217 haberi,
826 3159 899 3201 cum
921 3141 954 3202 in
979 3138 1102 3202 duabus
1126 3139 1262 3204 militum
1281 3159 1410 3223 quoque
1426 3137 1547 3201 mentio

375 3242 439 3324 fiat,
464 3243 503 3307 cf.
527 3245 619 3326 §352
643 3244 697 3308 τὸν
720 3246 1001 3326 ἡγεμόνα...τὸν
1023 3248 1152 3311 τούτων.
1190 3244 1283 3331 §35:
1309 3247 1327 3310 ὁ
1351 3245 1548 3328 aepactas

375 3353 488 3414 ἑαυτοῦ
502 3351 652 3432 πατρίδος
664 3352 774 3433 μόνης.
798 3353 884 3433 §362
906 3352 925 3414 ὁ
940 3352 975 3416 δὲ
985 3403 992 3418 .
1003 3403 1009 3418 .
1020 3403 1028 3418 .
1036 3353 1114 3435 μετὰ
1128 3359 1194 3416 τῶν
1207 3353 1478 3434 σανθωπομένων
1491 3356 1548 3413 νῦν

376 3459 463 3539 αὐτῷ
479 3458 615 3538 ἀνδρῶν.
642 3459 660 3539 §
676 3459 732 3522 39:
753 3457 929 3541 Λεωσθένη
946 3459 1084 3530 καὶτοὺς
1098 3461 1208 3543 ἐκείνῳ
1223 3460 1547 3541 συναγωνισαμένους.

465 3561 559 3626 Nova
582 3563 721 3645 denique
745 3562 956 3646 Proserpinae
980 3563 1068 3629 aedis
1092 3568 1198 3648 imago
1223 3575 1280 3647 est,
1303 3586 1386 3648 quae
1401 3563 1547 3628 Platonis

378 3670 532 3752 exemplo,
558 3669 597 3734 cf.
614 3668 711 3752 Apol.
726 3669 839 3756 4oy41,
863 3669 990 3734 videtur
1011 3673 1132 3738 inniti².
1179 3670 1330 3738 Socrates
1354 3672 1437 3735 enim
1463 3667 1549 3752 apud

380 3775 546 3840 Platonem
580 3775 677 3839 edicit
710 3796 798 3859 spem
831 3798 865 3840 se
898 3777 984 3860 apud
1006 3779 1126 3843 inferos
1151 3800 1223 3844 cum
1246 3779 1327 3860 aliis,
1356 3779 1548 3861 quicumque

376 3883 486 3964 iniquo
514 3880 634 3945 iudicio
659 3903 676 3946 e
700 3884 766 3946 vita
789 3881 992 3967 decesserint,
1016 3884 1084 3950 dies
1109 3895 1253 3950 acturum
1278 3906 1357 3949 esse.
1405 3882 1549 3949 Similem

377 3991 409 4052 in
434 3989 590 4051 rationem
606 3987 789 4072 Hyperides
813 3999 922 4053 censet
946 3989 1115 4056 defunctos
1139 3993 1256 4056 milites
1279 3995 1311 4056 in
1330 3990 1416 4058 Orco
1438 3991 1549 4054 arinis

378 4104 541 4177 receptum
566 4095 613 4176 iri,
637 4096 691 4177 qui
714 4116 766 4158 res
789 4117 883 4178 pares
906 4117 965 4180 pro
989 4100 1114 4180 patriae
1138 4100 1368 4181 universaeque
1391 4095 1549 4162 Graeciae

379 4200 481 4264 salute
506 4203 637 4282 egerint.

475 4311 591 4318 ——o

470 4361 478 4391 ¹
498 4360 532 4411 cl.
552 4358 631 4412 Blera
645 4361 662 4411 l.
677 4377 698 4412 c.
713 4355 775 4434 111}
797 4379 822 4428 p.
837 4361 862 4428 3,
875 4379 901 4430 p.
915 4363 1005 4433 99193.
