3522 5436
770 597 989 658 ,56-

383 769 505 833 Vocem
539 769 675 853 deniqne
702 771 738 836 τὸ
766 771 930 854 δαιμόνων
958 773 1025 835 sire
1053 773 1072 836 ὁ
1100 772 1225 854 δαίμων
1254 771 1349 834 etiam
1377 769 1467 853 apud

294 876 373 939 alios
396 885 538 940 oratores
559 878 745 957 invenimus,
769 877 810 943 ef.
826 875 970 962 Ps.-Lys.
987 877 1024 941 11
1043 881 1098 941 78:
1125 879 1197 942 ὅτε
1220 877 1345 960 δαίμων
1368 878 1386 940 ὁ
1410 877 1469 959 τὴν

293 985 446 1066 ἡμετέραν
456 991 573 1066 μοῖραν
585 986 719 1068 εἰληχὼς
731 985 947 1067 ἀπαραίτητος.
972 983 1045 1068 Itys.
1056 982 1151 1049 XIII
1164 988 1215 1050 63.
1240 983 1331 1049 Dom.
1343 982 1398 1047 IX
1412 987 1468 1064 54,

292 1088 381 1152 XIV
393 1094 443 1170 36,
466 1088 595 1154 XVIII
612 1095 684 1172 192,
702 1095 774 1170 208,
797 1089 890 1154 ΧΙΧ
908 1095 981 1156 239.
1011 1091 1110 1155 Isoor.
1126 1089 1182 1154 IX
1199 1092 1269 1156 25¹.
1559 1088 1565 1096 ’

382 1194 416 1261 Si
441 1200 631 1280 quaerimus,
657 1196 733 1279 qnid
756 1198 837 1262 haeo
855 1199 958 1261 oratio
975 1219 1047 1262 num
1064 1196 1210 1262 Platonis
1227 1196 1361 1279 dialogis
1378 1216 1467 1260 eom-

292 1324 386 1367 mune
410 1302 537 1386 habeat,
562 1325 722 1387 perpauoa
745 1306 938 1369 invenimus:
968 1315 1042 1369 sunt
1065 1306 1148 1368 enim
1172 1302 1255 1368 duae
1279 1305 1468 1383 sententiae,

293 1431 427 1492 quarum
443 1411 547 1491 prima
563 1413 629 1492 agit
644 1410 684 1475 de
700 1410 824 1475 duabus
841 1410 1067 1474 defunctorum
1082 1409 1259 1476 rationibus
1276 1410 1375 1494 (Hyp.
1389 1408 1407 1495 ξ
1420 1413 1467 1472 43

292 1554 327 1562 -
343 1514 424 1581 Plat.
441 1516 537 1599 Apol.
553 1516 687 1602 ddeld),
716 1518 817 1582 altera
841 1519 1034 1582 mentionem
1058 1517 1138 1582 faoit
1161 1516 1201 1581 de
1224 1515 1344 1580 iudioio
1368 1527 1467 1598 atque

292 1621 439 1686 mercede
455 1622 595 1706 quadam
610 1633 808 1688 mortuorum
824 1624 923 1708 (Hyp.
938 1626 956 1707 ᾖ
969 1627 1011 1690 43
1024 1661 1060 1670 -
1070 1623 1153 1688 Plat.
1164 1623 1261 1706 Apol.
1271 1627 1311 1688 41
1321 1622 1365 1707 d),
1381 1643 1468 1705 quae

293 1731 451 1812 posterior
468 1731 625 1794 sententia
640 1740 808 1813 praeterea
823 1731 923 1795 multo
941 1733 1064 1795 sautius
1082 1732 1253 1814 exponitur
1266 1751 1361 1812 qnam
1378 1728 1467 1811 apud

293 1833 472 1900 Platonem.
507 1835 645 1920 Insuper
665 1837 940 1901 animadversione
957 1836 1086 1920 dignum
1103 1847 1151 1902 est
1167 1837 1225 1901 has
1242 1835 1468 1901 similitudines

293 1941 335 2005 ad
358 1941 566 2026 ApologIam,
592 1965 673 2026 quae
697 1955 745 2008 est
768 1946 852 2007 inter
869 1947 973 2027 prima
993 1943 1138 2008 Platonis
1160 1964 1266 2027 opera,
1290 1945 1466 2026 pertinere3

294 2046 444 2114 Socrates
469 2051 552 2114 enim
578 2071 611 2114 se
636 2049 812 2115 defendens
838 2050 878 2114 de
901 2051 1072 2115 immortali
1097 2052 1203 2114 animo
1228 2070 1291 2114 non
1315 2048 1467 2131 quuitur,

293 2155 351 2219 sed
375 2157 475 2219 solum
501 2155 540 2220 de
565 2156 703 2240 quadam
726 2157 907 2224 umbrarum
924 2159 998 2223 rita.
1037 2157 1152 2240 Itaque
1169 2157 1246 2220 mihi
1263 2177 1281 2220 a
1297 2153 1467 2239 Hyperide

294 2263 395 2325 solnm
420 2262 490 2344 plus
514 2265 657 2327 minusve
679 2264 825 2346 vulgares
848 2266 1025 2328 sententiae
1042 2265 1207 2346 expositae
1222 2262 1370 2326 ridentur
1385 2282 1466 2342 esse,

294 2389 357 2451 qna
393 2368 433 2432 de
470 2390 504 2433 re
541 2369 678 2451 probare
716 2392 855 2453 nequeo,
894 2392 976 2453 qnae
1010 2370 1049 2434 de
1082 2371 1131 2434 his
1165 2367 1259 2433 rebus
1292 2370 1467 2451 loquuntur

292 2473 334 2542 A.
355 2474 481 2540 Oroiset
505 2485 537 2540 et
561 2477 678 2542 Meuss.
717 2477 864 2543 Oroiset¹
887 2480 971 2542 enim
995 2486 1168 2541 asseverat:
1196 2474 1278 2556 „Les
1302 2475 1464 2538 dernieres

292 2582 392 2663 lignes
418 2581 459 2645 du
484 2604 618 2666 passage
643 2587 795 2648 oonserve
810 2605 870 2666 par
887 2582 1005 2649 Stobee
1022 2584 1217 2648 renferment
1232 2604 1293 2646 une
1310 2580 1463 2646 veritable

293 2688 472 2771 profession
499 2690 537 2753 de
561 2690 608 2753 foi
632 2695 652 2754 a
674 2689 903 2755 l'immortalitd
927 2690 967 2754 de
991 2692 1112 2754 I'ame.“
1155 2688 1221 2755 Sed
1245 2710 1307 2752 non
1333 2687 1462 2752 demon·

293 2803 382 2876 strat,
407 2795 521 2877 quibus
545 2795 649 2859 verbis
674 2807 782 2860 orator
805 2797 949 2880 proferat
972 2799 1133 2861 animum
1152 2795 1363 2860 immortalem
1384 2816 1463 2859 esse.

381 2901 510 2966 Menss⁸
528 2901 622 2966 finem
644 2903 796 2986 epitaphii
818 2904 905 2968 hisee
926 2904 1030 2968 verbis
1052 2903 1234 2968 adumbrat:
1260 2902 1327 2966 Der
1344 2899 1463 2966 Sohluss

293 3007 365 3072 sind
394 3008 521 3091 Kldnge
549 3010 766 3092 platonisoher
795 3008 1019 3094 Speknlation,
1052 3010 1104 3074 die
1135 3013 1189 3074 wir
1217 3031 1274 3073 aus
1303 3008 1359 3073 der
1382 3008 1463 3072 Ver·

292 3114 551 3197 teidigungsrede
572 3115 628 3180 des
646 3114 799 3181 Sokrates
820 3117 955 3199 kennen,
972 3116 1087 3181 Worte
1104 3116 1261 3180 wahrhaft
1277 3114 1463 3179 trostliohen

292 3220 425 3301 Inhalts‚
447 3221 498 3286 die
516 3221 581 3303 das,
598 3244 660 3286 was
678 3223 792 3287 Platon
811 3223 909 3287 selbst
925 3226 957 3288 in
975 3226 1079 3288 seiner
1096 3220 1263 3288 Grabrede
1279 3243 1349 3285 num
1367 3220 1464 3285 Trost

293 3337 371 3410 sagt,
400 3349 439 3392 an
465 3327 658 3412 Bedeutnng
683 3332 753 3393 weit
776 3330 882 3394 hinter
905 3331 973 3394 sieh
997 3329 1232 3394 zuriioklassen.
1278 3329 1323 3392 Es
1346 3332 1388 3392 ist
1412 3329 1461 3390 ein

294 3431 395 3498 Stiiok
418 3434 778 3518 Religionsgesohiehte,
802 3435 860 3500 das
885 3439 939 3500 wir
961 3457 1019 3501 vor
1042 3457 1101 3501 uns
1121 3436 1218 3500 sehen
1236 3438 1270 3499 in
1287 3434 1344 3499 der
1358 3433 1463 3498 merk-

292 3540 452 3623 wiirdigen
470 3540 639 3623 Tetsaehe‚
663 3543 726 3606 dass
751 3541 808 3606 der
831 3543 1089 3625 philosophisohe
1111 3541 1300 3626 Begrdnder
1323 3540 1380 3605 der
1394 3539 1463 3605 Un-

293 3645 617 3713 sterbliehkeitslehre
641 3651 671 3712 in
695 3651 783 3713 einer
798 3647 928 3728 Sobriit
953 3649 1004 3713 die
1022 3650 1088 3713 sioh
1105 3648 1161 3713 suf
1177 3647 1238 3712 den
1257 3645 1464 3731 Standpnnkt

293 3752 349 3816 des
375 3753 820 3838 Durohsohnittsempfindens
846 3757 939 3838 stellt,
964 3777 996 3820 es
1022 3755 1110 3820 nieht
1132 3756 1185 3819 fiir
1204 3757 1369 3837 angezeigt
1387 3754 1462 3836 holt,

293 3859 344 3922 die
368 3858 474 3924 Lehre
498 3883 536 3924 zu
560 3861 754 3944 verkiinden,
778 3883 813 3927 so
838 3862 920 3926 nahe
937 3862 1019 3926 anoh
1036 3861 1093 3926 der
1108 3861 1216 3926 Anlass
1234 3862 1293 3944 lag,
1317 3859 1382 3925 und
1399 3859 1462 3924 dass

293 3965 486 4031 andrerseits
524 3969 574 4032 ein
607 3968 796 4033 reichliohes
828 3968 1129 4051 Halbjahrhundert
1161 3974 1269 4051 spiiter
1300 3967 1359 4032 der
1389 3988 1460 4030 rom

294 4070 405 4138 Staate
429 4073 574 4139 bestellte
592 4072 798 4140 Grabredner
813 4097 871 4139 ror
891 4075 949 4140 der
964 4075 1211 4157 Versammlung
1226 4074 1283 4139 der
1298 4083 1461 4157 gesamten

382 4252 392 4283 ¹
413 4250 559 4321 [Pa-Dm.
573 4251 624 4304 LX
638 4252 679 4317 10,
693 4252 735 4318 al,
749 4252 791 4317 31,
805 4251 858 4322 37.]

383 4341 393 4371 ²
412 4338 570 4394 A.Oroisst:
581 4340 704 4394 Histoire
714 4341 748 4393 de
758 4341 786 4393 la
795 4341 949 4394 litterature
958 4357 1085 4409 meoque,
1096 4339 1171 4394 Paris
1183 4340 1259 4405 1900,
1271 4338 1300 4392 T.
1307 4338 1358 4405 IV,
1368 4338 1461 4407 poll.

381 4431 392 4462 ³
410 4425 447 4481 H.
458 4428 560 4482 Menos:
579 4430 624 4482 An
643 4429 777 4483 attisehen
791 4429 1033 4498 Kriegergribern.
1064 4428 1179 4498 Bsilugs
1197 4446 1245 4482 aur
1258 4429 1322 4495 ullg.
1335 4429 1462 4496 Zeitmg,

292 4515 386 4570 31111
405 4518 482 4570 1892.
